1907 3182
249 145 328 187 168
647 155 866 192 QUAESTIO
901 155 988 184 XIX.
1022 153 1268 184 ARTICULUS
1301 153 1391 182 VIII.

774 311 1117 357 ARTICULUS
1151 310 1274 353 VIII.
1743 333 1806 357 122

302 422 454 453 UTRUM
481 421 731 458 QUANTITAS
766 419 1017 458 BONITATIS,
1048 419 1132 448 VEL
1159 417 1369 447 MALITIAE
1401 417 1445 447 IN
1476 417 1748 448 VOLUNTATE

369 487 599 523 SEQUATUR
622 485 943 522 QUANTITATEM
966 484 1084 523 BONI,
1104 484 1185 512 VEL
1208 482 1312 512 MALI
1335 483 1379 513 IN
1401 483 1688 513 INTENTIONE.

575 574 687 619 (Szzpr.
711 577 775 607 art.
799 583 828 618 7.
851 571 894 606 ad
915 583 945 606 2.
968 577 996 606 et
1014 571 1098 606 Mal.
1121 583 1151 616 q.
1170 582 1200 605 2.
1223 574 1286 604 art.
1302 581 1332 604 2.
1352 569 1394 604 ad
1415 569 1474 615 7.).

314 664 373 699 AD
397 673 584 698 OCTAVUM
607 662 657 696 sic
680 660 897 707 proceditur.
920 659 1082 701 Videtur,
1105 659 1201 705 quod
1229 658 1408 704 quantitas
1433 658 1603 693 bonitatis
1624 659 1660 692 in
1682 657 1807 692 volun-

242 726 313 753 tate
328 717 527 763 dependeat
543 727 583 750 ex
599 714 796 760 quantitate
811 713 980 747 bonitatis
997 713 1034 746 in
1053 712 1265 753 intentione,
1277 711 1360 757 quia
1374 722 1479 757 super
1492 711 1580 746 illud
1595 712 1722 746 Matth.
1742 722 1805 746 12.:

242 774 352 806 Bonus
377 771 471 804 homo
494 770 529 804 di:
551 769 701 804 thesauro
723 769 804 802 bono
827 766 934 801 cordis
951 767 1002 800 sui
1017 767 1149 812 profert
1167 767 1263 807 bona,
1283 765 1367 798 dicit
1387 764 1507 799 Gloss.
1529 765 1805 811 (interlinearis):

250 826 394 860 Tantum
411 825 486 858 boni
500 823 675 868 quissacit,
696 825 853 866 quantum
871 820 1025 854 intendit:
1046 819 1106 853 sed
1121 819 1272 852 intentio
1295 829 1369 852 non
1392 817 1512 852 solum
1529 818 1590 852 dat
1605 818 1805 853 bonitatem

243 879 339 912 actui
360 877 537 917 exteriori,
560 876 622 909 sed
645 876 753 908 etiam
775 873 964 915 voluntati,
987 881 1026 906 ut
1047 873 1183 906 dictum
1205 880 1258 906 est
1279 875 1360 916 (art.
1377 872 1531 918 Praec.);
1555 883 1642 917 ergo
1665 879 1805 906 tantum

243 932 370 978 aliquis
392 930 500 964 habet
518 930 652 963 bonam
674 927 912 968 voluntatem,
935 934 1110 972 quantum
1131 925 1293 959 intendit.

315 996 344 1019 2.
367 985 603 1018 PRAETEREA.
626 982 874 1026 Augmentata
901 991 1009 1014 causa
1037 986 1291 1024 augmentatur
1317 977 1482 1013 effectus:
1509 978 1571 1012 sed
1596 978 1806 1012 intentionis

243 1039 384 1072 bonitas
405 1045 458 1072 est
472 1047 580 1070 causa
598 1036 715 1069 bonae
729 1034 944 1075 voluntati53
967 1044 1053 1079 ergo
1077 1040 1252 1078 quantum
1275 1032 1353 1078 quis
1374 1031 1528 1066 intendit
1545 1032 1588 1066 de
1608 1031 1719 1074 bono,
1733 1039 1808 1066 tan-

243 1100 320 1126 tum
341 1091 510 1125 voluntas
532 1097 585 1123 est
609 1089 716 1122 bona.

316 1156 344 1190 3.
372 1144 608 1178 PRAETEREA.
624 1143 663 1175 In
683 1141 788 1175 malis
810 1148 985 1186 quantum
1005 1139 1132 1185 aliquis
1151 1139 1313 1181 intendit,
1331 1146 1472 1173 tantum
1494 1146 1639 1185 peccat:
1662 1139 1691 1173 si
1709 1139 1806 1173 enim

243 1197 369 1243 aliquis
402 1197 595 1243 projiciens
621 1195 779 1241 lapidem
806 1193 1007 1228 intenderet
1032 1192 1151 1227 facere
1178 1193 1430 1234 homicidium,
1457 1203 1538 1226 reus
1574 1200 1668 1226 esset
1692 1192 1808 1227 homi-

243 1251 345 1293 cidii3
368 1262 454 1296 ergo
476 1250 553 1296 pari
575 1249 714 1283 ratione
736 1249 772 1281 in
793 1247 898 1281 bonis
919 1254 1060 1281 tantum
1083 1254 1136 1280 est
1156 1246 1252 1280 bona
1273 1245 1453 1287 voluntas,
1475 1253 1651 1292 quantum
1678 1246 1807 1292 aliquis

241 1305 381 1338 bonum
403 1304 564 1338 intendit.

315 1358 388 1392 SED
412 1368 578 1392 CONTRA.
601 1356 726 1390 Potest
748 1366 825 1389 esse
847 1354 998 1388 intentio
1025 1353 1132 1395 bona,
1159 1361 1193 1387 et
1218 1353 1386 1386 voluntas
1408 1352 1521 1395 mala;
1544 1364 1632 1400 ergo
1653 1353 1731 1399 pari
1757 1364 1808 1387 ra-

242 1413 341 1446 tione
369 1419 488 1457 potest
509 1422 586 1444 esse
608 1409 758 1443 intentio
781 1408 898 1453 magis
920 1407 1026 1448 bona,
1050 1415 1085 1441 et
1105 1406 1273 1440 voluntas
1295 1406 1413 1440 minus
1434 1406 1541 1440 bona.

313 1465 542 1499 REsPoxDEO
565 1463 771 1503 dicendum,
786 1461 882 1508 quod
902 1461 996 1494 circa
1012 1468 1144 1501 actum,
1161 1468 1195 1494 et
1209 1459 1449 1494 intentionem
1467 1459 1547 1493 finis
1565 1459 1686 1506 duplex
1699 1470 1809 1505 quan-

242 1519 323 1553 titas
350 1526 469 1565 potest
495 1516 726 1551 considerari.
755 1516 828 1550 Una
855 1526 897 1549 ex
924 1522 1023 1560 parte
1052 1513 1194 1557 objecti,
1222 1513 1305 1558 quia
1331 1512 1408 1546 vult
1431 1513 1548 1557 majus
1573 1513 1724 1554 bonum,
1750 1512 1808 1547 vel

243 1572 330 1618 agit:
362 1573 430 1606 alia
452 1583 493 1605 ex
515 1571 713 1604 intentione
738 1577 848 1609 actus,
871 1568 953 1613 quia
976 1567 1114 1601 intense
1136 1565 1223 1607 vult,
1244 1565 1303 1599 vel
1325 1566 1408 1611 agit,
1432 1566 1529 1611 quod
1551 1573 1604 1600 est
1624 1567 1742 1610 maius
1764 1578 1806 1600 ex

243 1634 342 1672 parte
365 1625 514 1670 agentis.
539 1624 577 1657 Si
599 1623 706 1669 igitur
732 1622 925 1668 loquamur
951 1621 994 1654 de
1022 1619 1219 1665 quantitate
1246 1620 1429 1664 utriusque
1452 1627 1627 1664 quantum
1650 1619 1693 1653 ad
1715 1619 1808 1665 obie-

244 1687 353 1720 ctum,
377 1677 608 1712 manifestum
632 1684 694 1717 est,
717 1676 813 1721 quod
834 1676 1012 1720 quantitas
1035 1681 1134 1707 actus
1157 1684 1231 1706 non
1253 1673 1414 1718 sequitur
1434 1673 1671 1718 quantitatem
1697 1673 1809 1708 inten-

241 1733 360 1767 tionis.
391 1731 501 1772 Quod
529 1731 674 1777 quidem
702 1741 743 1763 ex
770 1737 868 1774 parte
897 1736 995 1762 actus
1023 1727 1209 1761 exterioris
1237 1726 1448 1772 contingere
1481 1734 1599 1773 potest
1624 1727 1806 1774 dupliciter.

250 1787 321 1821 Uno
343 1786 452 1826 modo,
476 1785 558 1830 quia
581 1784 774 1828 objectum,
797 1782 894 1827 quod
917 1781 1102 1815 ordinatur
1130 1781 1172 1814 ad
1199 1779 1311 1814 finem
1332 1779 1523 1822 intentum,
1549 1791 1624 1814 non
1652 1788 1706 1815 est
1729 1792 1809 1827 pro-

245 1839 491 1886 portionatum
515 1837 576 1871 fini
598 1837 668 1870 illi:
691 1837 783 1870 sicut
808 1836 837 1869 si
864 1835 941 1881 quis
969 1834 1069 1868 daret
1090 1833 1218 1868 decem
1240 1833 1359 1875 libras,
1385 1844 1459 1867 non
1486 1841 1608 1880 posset
1634 1834 1809 1880 consequi

245 1905 348 1927 suam
383 1892 635 1932 intentionem,
662 1891 691 1924 si
718 1889 917 1924 intenderet
946 1900 1067 1923 emere
1094 1899 1172 1921 rem
1198 1887 1380 1922 valentem
1407 1895 1554 1921 centum
1580 1887 1711 1922 libras:
1739 1888 1805 1922 alio

244 1947 338 1981 modo
354 1954 498 1992 propter
514 1944 784 1991 impedimenta,
804 1954 894 1989 quae
909 1942 1141 1988 supervenire
1157 1949 1308 1988 possunt
1322 1941 1416 1975 circa
1435 1941 1651 1975 exteriorem
1674 1949 1807 1983 actum,

243 2012 334 2047 quae
356 2012 429 2034 non
453 2007 505 2033 est
520 2000 554 2032 in
576 2005 753 2044 potestate
768 2004 891 2031 nostra
906 2006 1114 2030 removere:
1133 2003 1218 2042 puta
1234 1995 1362 2041 aliquis
1376 1995 1529 2029 intendit
1542 1995 1592 2029 ire
1606 2006 1719 2041 usque
1734 1995 1807 2029 Ro-

244 2066 354 2095 mam,
374 2061 408 2088 et
427 2059 620 2087 occurrunt
639 2052 670 2085 ei
691 2051 964 2096 impedimenta,
983 2049 1079 2095 quod
1098 2060 1173 2083 non
1194 2056 1313 2094 potest
1328 2048 1400 2082 hoc
1418 2047 1556 2082 facere:
1573 2048 1636 2082 sed
1651 2059 1694 2082 ex
1708 2056 1807 2094 parte

243 2108 421 2142 interioris
445 2114 543 2140 actus
565 2104 760 2139 voluntatis
779 2115 853 2137 non
876 2111 927 2137 est
945 2103 1013 2137 nisi
1028 2114 1100 2136 uno
1117 2102 1247 2136 modo:
1267 2102 1351 2148 quia
1365 2102 1554 2136 interiores
1570 2109 1670 2136 actus
1683 2102 1808 2136 volun-

242 2161 323 2195 tatis
341 2168 423 2194 sunt
442 2160 477 2193 in
496 2166 671 2205 potestate
693 2166 827 2198 nostra,
842 2168 915 2191 non
932 2165 1052 2190 autem
1068 2156 1263 2190 exteriores
1283 2163 1400 2190 actus:
1422 2155 1484 2190 sed
1506 2155 1674 2190 voluntas
1689 2163 1808 2202 potest

242 2214 335 2248 velle
359 2213 504 2259 aliquod
527 2212 711 2257 objectum
726 2222 799 2245 non
816 2211 1129 2256 proportionatum
1149 2209 1211 2243 fini
1224 2209 1381 2243 intento:
1405 2216 1440 2243 et
1458 2209 1507 2243 sic
1522 2209 1701 2251 voluntas,
1715 2220 1807 2255 quae

242 2267 353 2302 fertur
367 2267 402 2300 in
417 2266 504 2300 illud
523 2266 706 2310 objectum
722 2263 884 2298 absolute
903 2264 1184 2304 consideratum,
1199 2273 1273 2296 non
1289 2270 1341 2297 est
1354 2270 1494 2296 tantum
1507 2262 1616 2304 bona,
1631 2270 1806 2309 quantum

243 2329 296 2355 est
314 2320 484 2355 intentio:
507 2319 568 2353 sed
583 2319 665 2364 quia
681 2318 789 2352 etiam
806 2318 880 2363 ipsa
899 2317 1048 2351 intentio
1068 2316 1343 2362 quodammodo
1365 2316 1519 2362 pertinet
1538 2316 1581 2350 ad
1601 2324 1722 2350 actum
1748 2327 1810 2349 vo-

242 2374 400 2416 luntatis,
438 2374 652 2419 inquantum
680 2371 817 2405 scilicet
844 2379 896 2405 est
923 2371 1012 2404 ratio
1041 2371 1127 2415 ejus,
1155 2377 1300 2416 propter
1325 2370 1396 2404 hoc
1423 2369 1600 2404 redundat
1629 2369 1807 2415 quantitas

242 2429 359 2462 bonae
387 2426 595 2461 intentionis
623 2426 657 2459 in
684 2425 929 2466 voluntatem3
957 2425 1171 2470 inquantum
1198 2422 1336 2458 scilicet
1361 2422 1528 2457 voluntas
1554 2422 1631 2457 vult
1662 2422 1808 2469 aliquod

242 2483 380 2515 bonum
395 2491 581 2525 magnum,
601 2487 638 2512 ut
658 2478 783 2520 finem3
803 2477 887 2511 licet
905 2477 1004 2519 illud,
1020 2489 1082 2523 per
1101 2476 1197 2522 quod
1213 2476 1290 2510 vult
1307 2477 1480 2522 consequi
1499 2484 1640 2510 tantum
1657 2476 1807 2517 bonurn,

243 2547 316 2569 non
339 2535 383 2569 sit
404 2535 553 2580 dignum
576 2532 638 2567 illo
654 2533 762 2566 bono.
780 2532 817 2565 Si
836 2543 921 2565 vero
945 2531 1192 2565 consideretur
1214 2530 1392 2576 quantitas
1415 2530 1623 2564 intentionis
1643 2538 1677 2565 et
1696 2538 1807 2571 actus,

242 2590 441 2624 secundum
463 2588 705 2622 intensionem
728 2586 922 2631 utriusque,
946 2585 994 2619 sic
1018 2584 1172 2618 intensio
1193 2584 1400 2618 intentionis
1430 2584 1605 2618 redundat
1628 2585 1663 2618 in
1685 2592 1807 2618 actum

243 2644 462 2684 interiorem,
498 2650 533 2676 et
567 2640 781 2675 exteriorem
808 2639 1021 2673 voluntatis:
1051 2638 1132 2683 quia
1166 2638 1241 2683 ipsa
1275 2637 1426 2672 intentio
1461 2637 1735 2683 quodammodo
1769 2649 1806 2671 se

244 2697 351 2731 habet
376 2695 576 2730 formaliter
603 2694 645 2727 ad
674 2701 877 2738 utrumque,
900 2700 936 2726 ut
964 2704 1005 2726 ex
1032 2702 1137 2737 supra
1164 2690 1268 2724 dictis
1294 2699 1390 2737 patet
1413 2693 1456 2737 (q.
1479 2702 1528 2726 12.
1550 2695 1614 2725 art.
1635 2692 1696 2735 4.),
1724 2690 1808 2725 licet

244 2749 475 2784 materialiter
498 2748 694 2782 intentione
717 2754 813 2780 recta
836 2746 1007 2780 existente
1030 2745 1180 2785 intensa,
1208 2745 1320 2789 possit
1342 2755 1418 2779 esse
1447 2753 1546 2778 actus
1568 2744 1727 2786 interior,
1749 2743 1807 2778 vel

245 2804 397 2838 exterior
423 2814 497 2837 non
524 2803 571 2836 ita
599 2803 769 2841 intensus,
798 2799 1028 2833 materialiter
1055 2798 1255 2843 loquendo:
1280 2806 1364 2844 puta
1392 2809 1474 2832 cum
1502 2797 1630 2844 aliquis
1657 2809 1730 2831 non
1757 2797 1805 2831 ita

244 2858 381 2892 intense
399 2856 475 2890 vult
493 2855 713 2890 medicinam
731 2864 885 2894 sumere,
906 2853 996 2886 sicut
1010 2851 1085 2886 vult
1104 2851 1313 2885 sanitatem:
1336 2859 1459 2886 tamen
1480 2851 1551 2886 hoc
1571 2851 1688 2897 ipsum
1709 2850 1805 2897 quod
