<?xml version="1.0" encoding="UTF-8"?>
<!DOCTYPE html PUBLIC "-//W3C//DTD XHTML 1.0 Transitional//EN"
    "http://www.w3.org/TR/xhtml1/DTD/xhtml1-transitional.dtd">
<html xmlns="http://www.w3.org/1999/xhtml" xml:lang="en" lang="en">
 <head>
  <title>
</title>
<meta http-equiv="Content-Type" content="text/html;charset=utf-8" />
  <meta name='ocr-system' content='tesseract 3.04.00' />
  <meta name='ocr-capabilities' content='ocr_page ocr_carea ocr_par ocr_line ocrx_word'/>
</head>
<body>
  <div class='ocr_page' id='page_1' title='image "./divithomaeaquina02thomuoft_0592.png"; bbox 0 0 1875 3198; ppageno 0'>
   <div class='ocr_carea' id='block_1_1' title="bbox 212 185 1375 239">
    <p class='ocr_par' dir='ltr' id='par_1_1' title="bbox 212 185 1375 239">
     <span class='ocr_line' id='line_1_1' title="bbox 212 185 1375 239; baseline 0 -12"><span class='ocrx_word' id='word_1_1' title='bbox 212 185 295 239; x_wconf 81' lang='lat'>588</span> <span class='ocrx_word' id='word_1_2' title='bbox 607 198 827 233; x_wconf 72' lang='lat' dir='ltr'>QUAEsrro</span> <span class='ocrx_word' id='word_1_3' title='bbox 863 198 1008 228; x_wconf 75' lang='lat' dir='ltr'>Lxxxr.</span> <span class='ocrx_word' id='word_1_4' title='bbox 1042 198 1286 228; x_wconf 84' lang='lat' dir='ltr'><strong>ARTICULUS</strong></span> <span class='ocrx_word' id='word_1_5' title='bbox 1320 199 1375 227; x_wconf 86' lang='lat' dir='ltr'>1v.</span> 
     </span>
    </p>
   </div>
   <div class='ocr_carea' id='block_1_2' title="bbox 211 276 1776 643">
    <p class='ocr_par' dir='ltr' id='par_1_2' title="bbox 211 276 1774 430">
     <span class='ocr_line' id='line_1_2' title="bbox 283 276 1774 325; baseline 0.001 -13"><span class='ocrx_word' id='word_1_6' title='bbox 283 278 342 312; x_wconf 87' lang='lat' dir='ltr'>AD</span> <span class='ocrx_word' id='word_1_7' title='bbox 361 288 510 312; x_wconf 80' lang='lat' dir='ltr'>PRIMUM</span> <span class='ocrx_word' id='word_1_8' title='bbox 528 289 615 323; x_wconf 89' lang='lat' dir='ltr'>ergo</span> <span class='ocrx_word' id='word_1_9' title='bbox 638 277 842 319; x_wconf 90' lang='lat' dir='ltr'>dicendum,</span> <span class='ocrx_word' id='word_1_10' title='bbox 858 277 954 323; x_wconf 89' lang='lat' dir='ltr'>quod</span> <span class='ocrx_word' id='word_1_11' title='bbox 973 277 1093 311; x_wconf 89' lang='lat' dir='ltr'>Adam</span> <span class='ocrx_word' id='word_1_12' title='bbox 1119 289 1192 311; x_wconf 91' lang='lat' dir='ltr'>non</span> <span class='ocrx_word' id='word_1_13' title='bbox 1215 276 1280 311; x_wconf 90' lang='lat' dir='ltr'>fuit</span> <span class='ocrx_word' id='word_1_14' title='bbox 1305 277 1341 311; x_wconf 87' lang='lat' dir='ltr'>in</span> <span class='ocrx_word' id='word_1_15' title='bbox 1359 277 1443 312; x_wconf 93' lang='lat' dir='ltr'>loco</span> <span class='ocrx_word' id='word_1_16' title='bbox 1467 277 1572 321; x_wconf 87' lang='lat' dir='ltr'>exilii,</span> <span class='ocrx_word' id='word_1_17' title='bbox 1599 279 1667 313; x_wconf 91' lang='lat' dir='ltr'>nisi</span> <span class='ocrx_word' id='word_1_18' title='bbox 1692 287 1774 325; x_wconf 90' lang='lat' dir='ltr'>post</span> 
     </span>
     <span class='ocr_line' id='line_1_3' title="bbox 211 330 1774 377; baseline 0.001 -12"><span class='ocrx_word' id='word_1_19' title='bbox 211 339 421 377; x_wconf 80' lang='lat' dir='ltr'>peccatum3</span> <span class='ocrx_word' id='word_1_20' title='bbox 449 331 543 365; x_wconf 86' lang='lat' dir='ltr'>unde</span> <span class='ocrx_word' id='word_1_21' title='bbox 565 342 639 364; x_wconf 89' lang='lat' dir='ltr'>non</span> <span class='ocrx_word' id='word_1_22' title='bbox 660 339 806 376; x_wconf 89' lang='lat' dir='ltr'>propter</span> <span class='ocrx_word' id='word_1_23' title='bbox 828 330 951 364; x_wconf 89' lang='lat' dir='ltr'>locum</span> <span class='ocrx_word' id='word_1_24' title='bbox 974 331 1080 372; x_wconf 83' lang='lat' dir='ltr'>exilii,</span> <span class='ocrx_word' id='word_1_25' title='bbox 1107 331 1167 364; x_wconf 81' lang='lat' dir='ltr'>secl</span> <span class='ocrx_word' id='word_1_26' title='bbox 1195 338 1341 377; x_wconf 86' lang='lat' dir='ltr'>propter</span> <span class='ocrx_word' id='word_1_27' title='bbox 1367 339 1557 377; x_wconf 90' lang='lat' dir='ltr'>peccatum</span> <span class='ocrx_word' id='word_1_28' title='bbox 1577 332 1774 366; x_wconf 80' lang='lat' dir='ltr'>traducitur</span> 
     </span>
     <span class='ocr_line' id='line_1_4' title="bbox 212 383 1567 430; baseline 0 -12"><span class='ocrx_word' id='word_1_29' title='bbox 212 383 397 430; x_wconf 87' lang='lat' dir='ltr'>originalis</span> <span class='ocrx_word' id='word_1_30' title='bbox 421 384 525 430; x_wconf 85' lang='lat' dir='ltr'>culpa</span> <span class='ocrx_word' id='word_1_31' title='bbox 548 384 590 417; x_wconf 88' lang='lat' dir='ltr'>ad</span> <span class='ocrx_word' id='word_1_32' title='bbox 613 395 752 425; x_wconf 88' lang='lat' dir='ltr'>omnes,</span> <span class='ocrx_word' id='word_1_33' title='bbox 773 383 816 417; x_wconf 88' lang='lat' dir='ltr'>ad</span> <span class='ocrx_word' id='word_1_34' title='bbox 839 395 929 429; x_wconf 89' lang='lat' dir='ltr'>quos</span> <span class='ocrx_word' id='word_1_35' title='bbox 952 383 1068 418; x_wconf 86' lang='lat' dir='ltr'>activa</span> <span class='ocrx_word' id='word_1_36' title='bbox 1091 385 1165 429; x_wconf 85' lang='lat' dir='ltr'>ejus</span> <span class='ocrx_word' id='word_1_37' title='bbox 1188 384 1372 429; x_wconf 87' lang='lat' dir='ltr'>generatio</span> <span class='ocrx_word' id='word_1_38' title='bbox 1395 384 1567 429; x_wconf 85' lang='lat' dir='ltr'>pervenit.</span> 
     </span>
    </p>

    <p class='ocr_par' dir='ltr' id='par_1_3' title="bbox 213 436 1773 537">
     <span class='ocr_line' id='line_1_5' title="bbox 282 436 1773 484; baseline 0.001 -14"><span class='ocrx_word' id='word_1_39' title='bbox 282 437 342 471; x_wconf 85' lang='lat' dir='ltr'>AD</span> <span class='ocrx_word' id='word_1_40' title='bbox 365 447 572 472; x_wconf 77' lang='lat' dir='ltr'>SECUNDUM</span> <span class='ocrx_word' id='word_1_41' title='bbox 595 436 798 478; x_wconf 86' lang='lat' dir='ltr'>dicendum,</span> <span class='ocrx_word' id='word_1_42' title='bbox 818 437 914 482; x_wconf 87' lang='lat' dir='ltr'>quod</span> <span class='ocrx_word' id='word_1_43' title='bbox 935 448 1019 470; x_wconf 82' lang='lat' dir='ltr'>caro</span> <span class='ocrx_word' id='word_1_44' title='bbox 1038 448 1113 470; x_wconf 88' lang='lat' dir='ltr'>non</span> <span class='ocrx_word' id='word_1_45' title='bbox 1130 436 1243 470; x_wconf 85' lang='lat' dir='ltr'>inficit</span> <span class='ocrx_word' id='word_1_46' title='bbox 1265 437 1437 480; x_wconf 88' lang='lat' dir='ltr'>animam,</span> <span class='ocrx_word' id='word_1_47' title='bbox 1463 438 1533 472; x_wconf 91' lang='lat' dir='ltr'>nisi</span> <span class='ocrx_word' id='word_1_48' title='bbox 1559 438 1773 484; x_wconf 83' lang='lat' dir='ltr'>inquantum</span> 
     </span>
     <span class='ocr_line' id='line_1_6' title="bbox 213 489 1521 537; baseline -0.001 -12"><span class='ocrx_word' id='word_1_49' title='bbox 213 498 265 525; x_wconf 89' lang='lat' dir='ltr'>est</span> <span class='ocrx_word' id='word_1_50' title='bbox 286 490 501 536; x_wconf 88' lang='lat' dir='ltr'>principium</span> <span class='ocrx_word' id='word_1_51' title='bbox 531 490 688 523; x_wconf 83' lang='lat' dir='ltr'>activum</span> <span class='ocrx_word' id='word_1_52' title='bbox 711 489 744 522; x_wconf 94' lang='lat' dir='ltr'>in</span> <span class='ocrx_word' id='word_1_53' title='bbox 768 490 1012 535; x_wconf 76' lang='lat' dir='ltr'>generatione,</span> <span class='ocrx_word' id='word_1_54' title='bbox 1035 498 1072 523; x_wconf 89' lang='lat' dir='ltr'>ut</span> <span class='ocrx_word' id='word_1_55' title='bbox 1094 490 1230 524; x_wconf 84' lang='lat' dir='ltr'>dictum</span> <span class='ocrx_word' id='word_1_56' title='bbox 1254 498 1307 524; x_wconf 89' lang='lat' dir='ltr'>est</span> <span class='ocrx_word' id='word_1_57' title='bbox 1327 491 1380 536; x_wconf 80' lang='lat' dir='ltr'>(in</span> <span class='ocrx_word' id='word_1_58' title='bbox 1401 491 1521 537; x_wconf 65' lang='lat' dir='ltr'>corp).</span> 
     </span>
    </p>

    <p class='ocr_par' dir='ltr' id='par_1_4' title="bbox 212 543 1776 643">
     <span class='ocr_line' id='line_1_7' title="bbox 282 543 1776 589; baseline 0.001 -11"><span class='ocrx_word' id='word_1_59' title='bbox 282 544 342 578; x_wconf 91' lang='lat' dir='ltr'>AD</span> <span class='ocrx_word' id='word_1_60' title='bbox 358 554 529 578; x_wconf 80' lang='lat' dir='ltr'>TERTIUM</span> <span class='ocrx_word' id='word_1_61' title='bbox 547 543 752 584; x_wconf 85' lang='lat' dir='ltr'>dicendum,</span> <span class='ocrx_word' id='word_1_62' title='bbox 775 544 870 588; x_wconf 88' lang='lat' dir='ltr'>quod</span> <span class='ocrx_word' id='word_1_63' title='bbox 893 543 952 577; x_wconf 90' lang='lat' dir='ltr'>ille</span> <span class='ocrx_word' id='word_1_64' title='bbox 967 543 1027 589; x_wconf 88' lang='lat' dir='ltr'>qui</span> <span class='ocrx_word' id='word_1_65' title='bbox 1049 543 1265 577; x_wconf 79' lang='lat' dir='ltr'>formaretur</span> <span class='ocrx_word' id='word_1_66' title='bbox 1280 555 1321 577; x_wconf 78' lang='lat' dir='ltr'>ex</span> <span class='ocrx_word' id='word_1_67' title='bbox 1336 555 1443 578; x_wconf 88' lang='lat' dir='ltr'>carne</span> <span class='ocrx_word' id='word_1_68' title='bbox 1458 545 1630 587; x_wconf 87' lang='lat' dir='ltr'>humana,</span> <span class='ocrx_word' id='word_1_69' title='bbox 1651 544 1776 580; x_wconf 88' lang='lat' dir='ltr'>fuisset</span> 
     </span>
     <span class='ocr_line' id='line_1_8' title="bbox 212 597 1776 643; baseline 0.002 -13"><span class='ocrx_word' id='word_1_70' title='bbox 212 597 247 630; x_wconf 89' lang='lat' dir='ltr'>in</span> <span class='ocrx_word' id='word_1_71' title='bbox 271 597 391 631; x_wconf 84' lang='lat' dir='ltr'>Adam</span> <span class='ocrx_word' id='word_1_72' title='bbox 410 597 610 631; x_wconf 82' lang='lat' dir='ltr'>secundum</span> <span class='ocrx_word' id='word_1_73' title='bbox 633 597 859 643; x_wconf 62' lang='lat' dir='ltr'>corpulentam</span> <span class='ocrx_word' id='word_1_74' title='bbox 881 598 1107 639; x_wconf 72' lang='lat' dir='ltr'>substantiam,</span> <span class='ocrx_word' id='word_1_75' title='bbox 1128 597 1190 631; x_wconf 89' lang='lat' dir='ltr'>sed</span> <span class='ocrx_word' id='word_1_76' title='bbox 1212 608 1285 630; x_wconf 91' lang='lat' dir='ltr'>non</span> <span class='ocrx_word' id='word_1_77' title='bbox 1301 598 1501 632; x_wconf 89' lang='lat' dir='ltr'>secundum</span> <span class='ocrx_word' id='word_1_78' title='bbox 1515 599 1703 633; x_wconf 65' lang='lat' dir='ltr'>seminalem</span> <span class='ocrx_word' id='word_1_79' title='bbox 1724 610 1776 632; x_wconf 82' lang='lat' dir='ltr'>ra-</span> 
     </span>
    </p>
   </div>
   <div class='ocr_carea' id='block_1_3' title="bbox 212 650 1776 739">
    <p class='ocr_par' dir='ltr' id='par_1_5' title="bbox 212 650 1776 739">
     <span class='ocr_line' id='line_1_9' title="bbox 212 650 1776 698; baseline 0.001 -14"><span class='ocrx_word' id='word_1_80' title='bbox 212 652 344 694; x_wconf 67' lang='lat' dir='ltr'>tionem,</span> <span class='ocrx_word' id='word_1_81' title='bbox 367 658 404 685; x_wconf 89' lang='lat' dir='ltr'>ut</span> <span class='ocrx_word' id='word_1_82' title='bbox 431 650 567 685; x_wconf 86' lang='lat' dir='ltr'>dictum</span> <span class='ocrx_word' id='word_1_83' title='bbox 590 657 643 684; x_wconf 88' lang='lat' dir='ltr'>est</span> <span class='ocrx_word' id='word_1_84' title='bbox 664 650 716 695; x_wconf 75' lang='lat' dir='ltr'>(in</span> <span class='ocrx_word' id='word_1_85' title='bbox 738 655 826 696; x_wconf 83' lang='lat' dir='ltr'>corp.</span> <span class='ocrx_word' id='word_1_86' title='bbox 850 651 947 696; x_wconf 76' lang='lat' dir='ltr'>art.);</span> <span class='ocrx_word' id='word_1_87' title='bbox 971 658 1006 684; x_wconf 88' lang='lat' dir='ltr'>et</span> <span class='ocrx_word' id='word_1_88' title='bbox 1031 650 1113 684; x_wconf 88' lang='lat' dir='ltr'>ideo</span> <span class='ocrx_word' id='word_1_89' title='bbox 1140 661 1214 684; x_wconf 91' lang='lat' dir='ltr'>non</span> <span class='ocrx_word' id='word_1_90' title='bbox 1242 651 1473 686; x_wconf 87' lang='lat' dir='ltr'>contraheret</span> <span class='ocrx_word' id='word_1_91' title='bbox 1499 651 1675 697; x_wconf 76' lang='lat' dir='ltr'>originale</span> <span class='ocrx_word' id='word_1_92' title='bbox 1698 663 1776 698; x_wconf 91' lang='lat' dir='ltr'>pec-</span> 
     </span>
     <span class='ocr_line' id='line_1_10' title="bbox 213 712 346 739; baseline 0 -1"><span class='ocrx_word' id='word_1_93' title='bbox 213 712 346 739; x_wconf 87' lang='lat' dir='ltr'>catum.</span> 
     </span>
    </p>
   </div>
   <div class='ocr_carea' id='block_1_4' title="bbox 800 797 1774 859">
    <p class='ocr_par' dir='ltr' id='par_1_6' title="bbox 800 797 1774 859">
     <span class='ocr_line' id='line_1_11' title="bbox 800 797 1774 859; baseline 0.006 -19"><span class='ocrx_word' id='word_1_94' title='bbox 800 797 1144 843; x_wconf 84' lang='lat' dir='ltr'><strong>ARTICULUS</strong></span> <span class='ocrx_word' id='word_1_95' title='bbox 1173 799 1226 842; x_wconf 88' lang='lat' dir='ltr'>V.</span> <span class='ocrx_word' id='word_1_96' title='bbox 1707 822 1774 859; x_wconf 70' lang='lat'>439</span> 
     </span>
    </p>
   </div>
   <div class='ocr_carea' id='block_1_5' title="bbox 405 901 1642 997">
    <p class='ocr_par' dir='ltr' id='par_1_7' title="bbox 405 901 1642 997">
     <span class='ocr_line' id='line_1_12' title="bbox 405 901 1642 940; baseline -0.002 -9"><span class='ocrx_word' id='word_1_97' title='bbox 405 901 558 931; x_wconf 89' lang='lat' dir='ltr'><strong>UTRUM</strong></span> <span class='ocrx_word' id='word_1_98' title='bbox 585 901 622 930; x_wconf 88' lang='lat' dir='ltr'>SI</span> <span class='ocrx_word' id='word_1_99' title='bbox 654 901 781 930; x_wconf 90' lang='lat' dir='ltr'><strong>ADAM</strong></span> <span class='ocrx_word' id='word_1_100' title='bbox 807 901 899 931; x_wconf 92' lang='lat' dir='ltr'>NON</span> <span class='ocrx_word' id='word_1_101' title='bbox 932 901 1193 940; x_wconf 86' lang='lat' dir='ltr'>PECCASSET,</span> <span class='ocrx_word' id='word_1_102' title='bbox 1226 902 1310 930; x_wconf 84' lang='lat' dir='ltr'>EVA</span> <span class='ocrx_word' id='word_1_103' title='bbox 1342 901 1586 940; x_wconf 85' lang='lat' dir='ltr'>PECCANTE‚</span> <span class='ocrx_word' id='word_1_104' title='bbox 1639 925 1642 928; x_wconf 92' lang='lat'>.</span> 
     </span>
     <span class='ocr_line' id='line_1_13' title="bbox 481 966 1507 997; baseline 0.001 -2"><span class='ocrx_word' id='word_1_105' title='bbox 481 967 582 996; x_wconf 86' lang='lat' dir='ltr'>FILII</span> <span class='ocrx_word' id='word_1_106' title='bbox 610 966 847 997; x_wconf 84' lang='lat' dir='ltr'>ORIGINALE</span> <span class='ocrx_word' id='word_1_107' title='bbox 874 966 1111 996; x_wconf 88' lang='lat' dir='ltr'>PECCATUM</span> <span class='ocrx_word' id='word_1_108' title='bbox 1139 966 1507 997; x_wconf 84' lang='lat' dir='ltr'>CONTRAHERENT.</span> 
     </span>
    </p>
   </div>
   <div class='ocr_carea' id='block_1_6' title="bbox 216 1047 1776 1149">
    <p class='ocr_par' dir='ltr' id='par_1_8' title="bbox 216 1047 1776 1149">
     <span class='ocr_line' id='line_1_14' title="bbox 216 1047 1776 1096; baseline -0.002 -11"><span class='ocrx_word' id='word_1_109' title='bbox 216 1051 262 1095; x_wconf 88' lang='lat'>(2.</span> <span class='ocrx_word' id='word_1_110' title='bbox 276 1050 361 1084; x_wconf 73' lang='lat' dir='ltr'>Dist.</span> <span class='ocrx_word' id='word_1_111' title='bbox 373 1061 419 1096; x_wconf 82' lang='lat'>31.</span> <span class='ocrx_word' id='word_1_112' title='bbox 431 1061 462 1096; x_wconf 82' lang='lat' dir='ltr'>q.</span> <span class='ocrx_word' id='word_1_113' title='bbox 478 1062 503 1085; x_wconf 78' lang='lat' dir='ltr'>r.</span> <span class='ocrx_word' id='word_1_114' title='bbox 519 1054 582 1084; x_wconf 79' lang='lat' dir='ltr'>art.</span> <span class='ocrx_word' id='word_1_115' title='bbox 598 1061 627 1084; x_wconf 87' lang='lat'>2.</span> <span class='ocrx_word' id='word_1_116' title='bbox 644 1049 686 1083; x_wconf 81' lang='lat' dir='ltr'>ad</span> <span class='ocrx_word' id='word_1_117' title='bbox 699 1060 731 1093; x_wconf 74' lang='lat'>4.</span> <span class='ocrx_word' id='word_1_118' title='bbox 747 1054 775 1084; x_wconf 78' lang='lat' dir='ltr'>et</span> <span class='ocrx_word' id='word_1_119' title='bbox 788 1060 820 1093; x_wconf 76' lang='lat'>4.</span> <span class='ocrx_word' id='word_1_120' title='bbox 836 1050 924 1083; x_wconf 77' lang='lat' dir='ltr'>Dist.</span> <span class='ocrx_word' id='word_1_121' title='bbox 938 1061 965 1085; x_wconf 86' lang='lat'>1.</span> <span class='ocrx_word' id='word_1_122' title='bbox 977 1061 1046 1095; x_wconf 81' lang='lat' dir='ltr'><em>q.2.</em></span> <span class='ocrx_word' id='word_1_123' title='bbox 1062 1053 1126 1083; x_wconf 82' lang='lat' dir='ltr'>art.</span> <span class='ocrx_word' id='word_1_124' title='bbox 1141 1060 1171 1083; x_wconf 87' lang='lat'>2.</span> <span class='ocrx_word' id='word_1_125' title='bbox 1183 1048 1225 1083; x_wconf 75' lang='lat' dir='ltr'>ad</span> <span class='ocrx_word' id='word_1_126' title='bbox 1234 1061 1261 1084; x_wconf 87' lang='lat'>1.</span> <span class='ocrx_word' id='word_1_127' title='bbox 1275 1053 1303 1083; x_wconf 77' lang='lat' dir='ltr'>ct</span> <span class='ocrx_word' id='word_1_128' title='bbox 1314 1049 1397 1083; x_wconf 81' lang='lat' dir='ltr'>Mal.</span> <span class='ocrx_word' id='word_1_129' title='bbox 1410 1060 1440 1094; x_wconf 81' lang='lat' dir='ltr'>q.</span> <span class='ocrx_word' id='word_1_130' title='bbox 1451 1059 1483 1093; x_wconf 86' lang='lat'>4.</span> <span class='ocrx_word' id='word_1_131' title='bbox 1495 1053 1558 1083; x_wconf 86' lang='lat' dir='ltr'>art.</span> <span class='ocrx_word' id='word_1_132' title='bbox 1575 1059 1604 1094; x_wconf 89' lang='lat'>7.</span> <span class='ocrx_word' id='word_1_133' title='bbox 1615 1047 1657 1082; x_wconf 79' lang='lat' dir='ltr'>ad</span> <span class='ocrx_word' id='word_1_134' title='bbox 1669 1059 1702 1092; x_wconf 86' lang='lat'>4.</span> <span class='ocrx_word' id='word_1_135' title='bbox 1713 1053 1776 1095; x_wconf 63' lang='grc' dir='ltr'>εἰς.</span> 
     </span>
     <span class='ocr_line' id='line_1_15' title="bbox 612 1102 1379 1149; baseline -0.003 -11"><span class='ocrx_word' id='word_1_136' title='bbox 612 1108 639 1138; x_wconf 69' lang='lat' dir='ltr'>et</span> <span class='ocrx_word' id='word_1_137' title='bbox 662 1104 755 1138; x_wconf 81' lang='lat' dir='ltr'>Rom.</span> <span class='ocrx_word' id='word_1_138' title='bbox 774 1114 802 1149; x_wconf 81' lang='lat'>5.</span> <span class='ocrx_word' id='word_1_139' title='bbox 825 1103 894 1137; x_wconf 62' lang='lat' dir='ltr'>lact.</span> <span class='ocrx_word' id='word_1_140' title='bbox 912 1115 939 1149; x_wconf 75' lang='lat'>3.</span> <span class='ocrx_word' id='word_1_141' title='bbox 963 1108 990 1138; x_wconf 73' lang='lat' dir='ltr'>et</span> <span class='ocrx_word' id='word_1_142' title='bbox 1012 1115 1038 1138; x_wconf 81' lang='lat' dir='ltr'>l.</span> <span class='ocrx_word' id='word_1_143' title='bbox 1064 1103 1142 1137; x_wconf 78' lang='lat' dir='ltr'>Cor.</span> <span class='ocrx_word' id='word_1_144' title='bbox 1165 1114 1209 1148; x_wconf 82' lang='lat'>15.</span> <span class='ocrx_word' id='word_1_145' title='bbox 1232 1102 1302 1137; x_wconf 76' lang='lat' dir='ltr'>lect.</span> <span class='ocrx_word' id='word_1_146' title='bbox 1322 1103 1379 1149; x_wconf 74' lang='grc'><em>3.).</em></span> 
     </span>
    </p>
   </div>
   <div class='ocr_carea' id='block_1_7' title="bbox 215 1184 1787 2948">
    <p class='ocr_par' dir='ltr' id='par_1_9' title="bbox 215 1184 1780 1500">
     <span class='ocr_line' id='line_1_16' title="bbox 285 1184 1776 1232; baseline -0.003 -10"><span class='ocrx_word' id='word_1_147' title='bbox 285 1187 345 1221; x_wconf 77' lang='lat' dir='ltr'>AD</span> <span class='ocrx_word' id='word_1_148' title='bbox 368 1197 548 1226; x_wconf 78' lang='lat' dir='ltr'>QUINTUM</span> <span class='ocrx_word' id='word_1_149' title='bbox 566 1186 617 1220; x_wconf 89' lang='lat' dir='ltr'>sic</span> <span class='ocrx_word' id='word_1_150' title='bbox 637 1185 853 1232; x_wconf 76' lang='lat' dir='ltr'>proceditur.</span> <span class='ocrx_word' id='word_1_151' title='bbox 876 1185 1039 1227; x_wconf 90' lang='lat' dir='ltr'>Videtur,</span> <span class='ocrx_word' id='word_1_152' title='bbox 1058 1185 1155 1231; x_wconf 88' lang='lat' dir='ltr'>quod</span> <span class='ocrx_word' id='word_1_153' title='bbox 1181 1185 1211 1218; x_wconf 89' lang='lat' dir='ltr'>si</span> <span class='ocrx_word' id='word_1_154' title='bbox 1237 1184 1358 1218; x_wconf 82' lang='lat' dir='ltr'>Adam</span> <span class='ocrx_word' id='word_1_155' title='bbox 1383 1195 1458 1219; x_wconf 90' lang='lat' dir='ltr'>non</span> <span class='ocrx_word' id='word_1_156' title='bbox 1484 1191 1679 1231; x_wconf 81' lang='lat' dir='ltr'><strong>peccasset,</strong></span> <span class='ocrx_word' id='word_1_157' title='bbox 1702 1184 1776 1218; x_wconf 84' lang='lat' dir='ltr'>Eva</span> 
     </span>
     <span class='ocr_line' id='line_1_17' title="bbox 215 1237 1780 1287; baseline -0.003 -12"><span class='ocrx_word' id='word_1_158' title='bbox 215 1248 400 1287; x_wconf 77' lang='lat' dir='ltr'>peccante,</span> <span class='ocrx_word' id='word_1_159' title='bbox 423 1240 487 1274; x_wconf 87' lang='lat' dir='ltr'>filii</span> <span class='ocrx_word' id='word_1_160' title='bbox 513 1238 689 1285; x_wconf 81' lang='lat' dir='ltr'>originale</span> <span class='ocrx_word' id='word_1_161' title='bbox 712 1246 903 1284; x_wconf 87' lang='lat' dir='ltr'>peccatum</span> <span class='ocrx_word' id='word_1_162' title='bbox 923 1238 1195 1272; x_wconf 82' lang='lat' dir='ltr'>contraherent:</span> <span class='ocrx_word' id='word_1_163' title='bbox 1223 1246 1415 1284; x_wconf 84' lang='lat' dir='ltr'>peccatum</span> <span class='ocrx_word' id='word_1_164' title='bbox 1438 1238 1535 1272; x_wconf 89' lang='lat' dir='ltr'>enim</span> <span class='ocrx_word' id='word_1_165' title='bbox 1557 1237 1733 1283; x_wconf 80' lang='lat' dir='ltr'>originale</span> <span class='ocrx_word' id='word_1_166' title='bbox 1761 1249 1780 1271; x_wconf 88' lang='lat' dir='ltr'>a</span> 
     </span>
     <span class='ocr_line' id='line_1_18' title="bbox 216 1291 1777 1340; baseline -0.002 -12"><span class='ocrx_word' id='word_1_167' title='bbox 216 1294 421 1340; x_wconf 85' lang='lat' dir='ltr'>parentibus</span> <span class='ocrx_word' id='word_1_168' title='bbox 445 1293 705 1334; x_wconf 81' lang='lat' dir='ltr'>contrahimus,</span> <span class='ocrx_word' id='word_1_169' title='bbox 727 1292 763 1326; x_wconf 92' lang='lat' dir='ltr'>in</span> <span class='ocrx_word' id='word_1_170' title='bbox 786 1299 961 1338; x_wconf 79' lang='lat' dir='ltr'>quantum</span> <span class='ocrx_word' id='word_1_171' title='bbox 983 1291 1019 1325; x_wconf 95' lang='lat' dir='ltr'>in</span> <span class='ocrx_word' id='word_1_172' title='bbox 1042 1292 1092 1326; x_wconf 90' lang='lat' dir='ltr'>eis</span> <span class='ocrx_word' id='word_1_173' title='bbox 1113 1291 1258 1333; x_wconf 89' lang='lat' dir='ltr'>fuimus,</span> <span class='ocrx_word' id='word_1_174' title='bbox 1280 1291 1480 1325; x_wconf 87' lang='lat' dir='ltr'>secundum</span> <span class='ocrx_word' id='word_1_175' title='bbox 1499 1291 1586 1326; x_wconf 92' lang='lat' dir='ltr'>illud</span> <span class='ocrx_word' id='word_1_176' title='bbox 1607 1291 1777 1338; x_wconf 88' lang='lat' dir='ltr'>Apostoli</span> 
     </span>
     <span class='ocr_line' id='line_1_19' title="bbox 217 1345 1778 1393; baseline -0.002 -11"><span class='ocrx_word' id='word_1_177' title='bbox 217 1348 324 1382; x_wconf 88' lang='lat' dir='ltr'>Rom.</span> <span class='ocrx_word' id='word_1_178' title='bbox 352 1358 396 1393; x_wconf 80' lang='lat'>5.:</span> <span class='ocrx_word' id='word_1_179' title='bbox 420 1348 459 1382; x_wconf 82' lang='lat' dir='ltr'>In</span> <span class='ocrx_word' id='word_1_180' title='bbox 481 1359 543 1393; x_wconf 74' lang='lat' dir='ltr'>quo</span> <span class='ocrx_word' id='word_1_181' title='bbox 567 1358 676 1381; x_wconf 75' lang='lat' dir='ltr'>onmes</span> <span class='ocrx_word' id='word_1_182' title='bbox 691 1350 935 1392; x_wconf 68' lang='lat' dir='ltr'>peccaverunt:</span> <span class='ocrx_word' id='word_1_183' title='bbox 958 1345 1019 1380; x_wconf 88' lang='lat' dir='ltr'>sed</span> <span class='ocrx_word' id='word_1_184' title='bbox 1041 1345 1133 1379; x_wconf 90' lang='lat' dir='ltr'>sicut</span> <span class='ocrx_word' id='word_1_185' title='bbox 1153 1345 1269 1379; x_wconf 90' lang='lat' dir='ltr'>homo</span> <span class='ocrx_word' id='word_1_186' title='bbox 1291 1345 1496 1391; x_wconf 82' lang='lat' dir='ltr'>praeexistit</span> <span class='ocrx_word' id='word_1_187' title='bbox 1517 1345 1553 1379; x_wconf 90' lang='lat' dir='ltr'>in</span> <span class='ocrx_word' id='word_1_188' title='bbox 1574 1353 1673 1392; x_wconf 87' lang='lat' dir='ltr'>patre</span> <span class='ocrx_word' id='word_1_189' title='bbox 1699 1356 1778 1386; x_wconf 90' lang='lat' dir='ltr'>suo,</span> 
     </span>
     <span class='ocr_line' id='line_1_20' title="bbox 215 1397 1779 1446; baseline -0.002 -11"><span class='ocrx_word' id='word_1_190' title='bbox 215 1402 264 1436; x_wconf 88' lang='lat' dir='ltr'>ita</span> <span class='ocrx_word' id='word_1_191' title='bbox 285 1402 321 1435; x_wconf 91' lang='lat' dir='ltr'>in</span> <span class='ocrx_word' id='word_1_192' title='bbox 343 1409 476 1443; x_wconf 81' lang='lat' dir='ltr'>matre3</span> <span class='ocrx_word' id='word_1_193' title='bbox 499 1412 586 1446; x_wconf 90' lang='lat' dir='ltr'>ergo</span> <span class='ocrx_word' id='word_1_194' title='bbox 609 1412 651 1434; x_wconf 75' lang='lat' dir='ltr'>ex</span> <span class='ocrx_word' id='word_1_195' title='bbox 673 1407 824 1445; x_wconf 89' lang='lat' dir='ltr'>peccato</span> <span class='ocrx_word' id='word_1_196' title='bbox 846 1399 969 1433; x_wconf 88' lang='lat' dir='ltr'>matris</span> <span class='ocrx_word' id='word_1_197' title='bbox 991 1398 1106 1433; x_wconf 89' lang='lat' dir='ltr'>homo</span> <span class='ocrx_word' id='word_1_198' title='bbox 1126 1406 1316 1444; x_wconf 86' lang='lat' dir='ltr'>peccatum</span> <span class='ocrx_word' id='word_1_199' title='bbox 1339 1397 1515 1444; x_wconf 87' lang='lat' dir='ltr'>originale</span> <span class='ocrx_word' id='word_1_200' title='bbox 1538 1398 1779 1440; x_wconf 87' lang='lat' dir='ltr'>contraheret,</span> 
     </span>
     <span class='ocr_line' id='line_1_21' title="bbox 218 1453 749 1500; baseline -0.006 -11"><span class='ocrx_word' id='word_1_201' title='bbox 218 1456 311 1490; x_wconf 88' lang='lat' dir='ltr'>sicut</span> <span class='ocrx_word' id='word_1_202' title='bbox 332 1463 366 1489; x_wconf 89' lang='lat' dir='ltr'>et</span> <span class='ocrx_word' id='word_1_203' title='bbox 388 1468 430 1489; x_wconf 79' lang='lat' dir='ltr'>ex</span> <span class='ocrx_word' id='word_1_204' title='bbox 456 1461 607 1500; x_wconf 85' lang='lat' dir='ltr'>peccato</span> <span class='ocrx_word' id='word_1_205' title='bbox 630 1453 749 1499; x_wconf 85' lang='lat' dir='ltr'>patris.</span> 
     </span>
    </p>

    <p class='ocr_par' dir='ltr' id='par_1_10' title="bbox 216 1505 1784 1822">
     <span class='ocr_line' id='line_1_22' title="bbox 288 1505 1779 1552; baseline -0.001 -9"><span class='ocrx_word' id='word_1_206' title='bbox 288 1519 319 1543; x_wconf 88' lang='lat'>2.</span> <span class='ocrx_word' id='word_1_207' title='bbox 339 1509 575 1543; x_wconf 66' lang='lat' dir='ltr'>PRAETEREA.</span> <span class='ocrx_word' id='word_1_208' title='bbox 599 1507 636 1541; x_wconf 89' lang='lat' dir='ltr'>Si</span> <span class='ocrx_word' id='word_1_209' title='bbox 664 1507 737 1540; x_wconf 86' lang='lat' dir='ltr'>Eva</span> <span class='ocrx_word' id='word_1_210' title='bbox 765 1514 961 1552; x_wconf 86' lang='lat' dir='ltr'>peccasset,</span> <span class='ocrx_word' id='word_1_211' title='bbox 983 1506 1104 1540; x_wconf 87' lang='lat' dir='ltr'>Adam</span> <span class='ocrx_word' id='word_1_212' title='bbox 1126 1516 1199 1540; x_wconf 90' lang='lat' dir='ltr'>non</span> <span class='ocrx_word' id='word_1_213' title='bbox 1226 1514 1411 1552; x_wconf 85' lang='lat' dir='ltr'>peccante,</span> <span class='ocrx_word' id='word_1_214' title='bbox 1433 1505 1497 1539; x_wconf 90' lang='lat' dir='ltr'>filii</span> <span class='ocrx_word' id='word_1_215' title='bbox 1523 1505 1720 1552; x_wconf 90' lang='lat' dir='ltr'>passibiles,</span> <span class='ocrx_word' id='word_1_216' title='bbox 1743 1514 1779 1541; x_wconf 90' lang='lat' dir='ltr'>et</span> 
     </span>
     <span class='ocr_line' id='line_1_23' title="bbox 216 1559 1784 1605; baseline -0.003 -8"><span class='ocrx_word' id='word_1_217' title='bbox 216 1562 388 1597; x_wconf 84' lang='lat' dir='ltr'>mortales</span> <span class='ocrx_word' id='word_1_218' title='bbox 402 1569 645 1603; x_wconf 85' lang='lat' dir='ltr'>nascerentur,</span> <span class='ocrx_word' id='word_1_219' title='bbox 665 1568 781 1594; x_wconf 85' lang='lat' dir='ltr'>mater</span> <span class='ocrx_word' id='word_1_220' title='bbox 803 1560 900 1594; x_wconf 88' lang='lat' dir='ltr'>enim</span> <span class='ocrx_word' id='word_1_221' title='bbox 923 1560 983 1594; x_wconf 84' lang='lat' dir='ltr'>dat</span> <span class='ocrx_word' id='word_1_222' title='bbox 1004 1560 1194 1593; x_wconf 84' lang='lat' dir='ltr'>materiam</span> <span class='ocrx_word' id='word_1_223' title='bbox 1216 1559 1252 1593; x_wconf 90' lang='lat' dir='ltr'>in</span> <span class='ocrx_word' id='word_1_224' title='bbox 1275 1559 1518 1605; x_wconf 87' lang='lat' dir='ltr'>generatione,</span> <span class='ocrx_word' id='word_1_225' title='bbox 1536 1568 1574 1594; x_wconf 90' lang='lat' dir='ltr'>ut</span> <span class='ocrx_word' id='word_1_226' title='bbox 1595 1559 1680 1594; x_wconf 89' lang='lat' dir='ltr'>dicit</span> <span class='ocrx_word' id='word_1_227' title='bbox 1702 1559 1784 1594; x_wconf 92' lang='lat' dir='ltr'>Phi-</span> 
     </span>
     <span class='ocr_line' id='line_1_24' title="bbox 217 1613 1782 1662; baseline -0.002 -12"><span class='ocrx_word' id='word_1_228' title='bbox 217 1616 392 1662; x_wconf 87' lang='lat' dir='ltr'>losophus</span> <span class='ocrx_word' id='word_1_229' title='bbox 414 1616 449 1649; x_wconf 91' lang='lat' dir='ltr'>in</span> <span class='ocrx_word' id='word_1_230' title='bbox 473 1625 503 1649; x_wconf 87' lang='lat'>2.</span> <span class='ocrx_word' id='word_1_231' title='bbox 527 1615 570 1649; x_wconf 87' lang='lat' dir='ltr'>de</span> <span class='ocrx_word' id='word_1_232' title='bbox 599 1614 769 1648; x_wconf 88' lang='lat' dir='ltr'>Generat.</span> <span class='ocrx_word' id='word_1_233' title='bbox 792 1613 952 1647; x_wconf 86' lang='lat' dir='ltr'>Animal.</span> <span class='ocrx_word' id='word_1_234' title='bbox 977 1613 1062 1659; x_wconf 75' lang='lat' dir='ltr'>(sap.</span> <span class='ocrx_word' id='word_1_235' title='bbox 1086 1619 1259 1660; x_wconf 79' lang='lat' dir='ltr'>1.par1cm</span> <span class='ocrx_word' id='word_1_236' title='bbox 1278 1624 1298 1647; x_wconf 84' lang='lat' dir='ltr'>a</span> <span class='ocrx_word' id='word_1_237' title='bbox 1315 1614 1428 1659; x_wconf 78' lang='lat' dir='ltr'>princ.</span> <span class='ocrx_word' id='word_1_238' title='bbox 1447 1618 1476 1648; x_wconf 77' lang='lat' dir='ltr'>et</span> <span class='ocrx_word' id='word_1_239' title='bbox 1497 1619 1567 1659; x_wconf 80' lang='lat' dir='ltr'>cap.</span> <span class='ocrx_word' id='word_1_240' title='bbox 1586 1613 1660 1659; x_wconf 77' lang='lat'><em>4.):</em></span> <span class='ocrx_word' id='word_1_241' title='bbox 1683 1624 1782 1647; x_wconf 90' lang='lat' dir='ltr'>mors</span> 
     </span>
     <span class='ocr_line' id='line_1_25' title="bbox 218 1666 1782 1714; baseline -0.003 -10"><span class='ocrx_word' id='word_1_242' title='bbox 218 1678 350 1712; x_wconf 89' lang='lat' dir='ltr'>autem,</span> <span class='ocrx_word' id='word_1_243' title='bbox 373 1677 407 1703; x_wconf 92' lang='lat' dir='ltr'>et</span> <span class='ocrx_word' id='word_1_244' title='bbox 429 1669 547 1703; x_wconf 88' lang='lat' dir='ltr'>omnis</span> <span class='ocrx_word' id='word_1_245' title='bbox 563 1667 777 1714; x_wconf 86' lang='lat' dir='ltr'>passibilitas</span> <span class='ocrx_word' id='word_1_246' title='bbox 793 1667 960 1713; x_wconf 81' lang='lat' dir='ltr'>provenit</span> <span class='ocrx_word' id='word_1_247' title='bbox 982 1678 1022 1700; x_wconf 80' lang='lat' dir='ltr'>ex</span> <span class='ocrx_word' id='word_1_248' title='bbox 1037 1667 1252 1701; x_wconf 84' lang='lat' dir='ltr'>necessitate</span> <span class='ocrx_word' id='word_1_249' title='bbox 1271 1666 1461 1700; x_wconf 89' lang='lat' dir='ltr'>materiae:</span> <span class='ocrx_word' id='word_1_250' title='bbox 1478 1666 1540 1700; x_wconf 90' lang='lat' dir='ltr'>sed</span> <span class='ocrx_word' id='word_1_251' title='bbox 1555 1666 1782 1713; x_wconf 88' lang='lat' dir='ltr'>passibilitas,</span> 
     </span>
     <span class='ocr_line' id='line_1_26' title="bbox 217 1719 1780 1766; baseline -0.003 -8"><span class='ocrx_word' id='word_1_252' title='bbox 217 1733 251 1758; x_wconf 87' lang='lat' dir='ltr'>et</span> <span class='ocrx_word' id='word_1_253' title='bbox 272 1723 466 1758; x_wconf 80' lang='lat' dir='ltr'>necessitas</span> <span class='ocrx_word' id='word_1_254' title='bbox 489 1721 667 1756; x_wconf 86' lang='lat' dir='ltr'>moriendi</span> <span class='ocrx_word' id='word_1_255' title='bbox 689 1729 771 1755; x_wconf 84' lang='lat' dir='ltr'>sunt</span> <span class='ocrx_word' id='word_1_256' title='bbox 793 1731 932 1766; x_wconf 89' lang='lat' dir='ltr'>poenae</span> <span class='ocrx_word' id='word_1_257' title='bbox 955 1721 1094 1766; x_wconf 86' lang='lat' dir='ltr'>peccati</span> <span class='ocrx_word' id='word_1_258' title='bbox 1116 1719 1322 1765; x_wconf 79' lang='lat' dir='ltr'>originalis3</span> <span class='ocrx_word' id='word_1_259' title='bbox 1341 1731 1428 1766; x_wconf 89' lang='lat' dir='ltr'>ergo</span> <span class='ocrx_word' id='word_1_260' title='bbox 1443 1720 1473 1754; x_wconf 90' lang='lat' dir='ltr'>si</span> <span class='ocrx_word' id='word_1_261' title='bbox 1494 1720 1568 1754; x_wconf 90' lang='lat' dir='ltr'>Eva</span> <span class='ocrx_word' id='word_1_262' title='bbox 1584 1728 1780 1766; x_wconf 87' lang='lat' dir='ltr'>peccasset,</span> 
     </span>
     <span class='ocr_line' id='line_1_27' title="bbox 218 1773 1425 1822; baseline -0.004 -10"><span class='ocrx_word' id='word_1_263' title='bbox 218 1778 337 1812; x_wconf 88' lang='lat' dir='ltr'>Adam</span> <span class='ocrx_word' id='word_1_264' title='bbox 359 1788 433 1810; x_wconf 86' lang='lat' dir='ltr'>non</span> <span class='ocrx_word' id='word_1_265' title='bbox 455 1783 640 1822; x_wconf 86' lang='lat' dir='ltr'>peccante,</span> <span class='ocrx_word' id='word_1_266' title='bbox 662 1774 726 1808; x_wconf 85' lang='lat' dir='ltr'>filii</span> <span class='ocrx_word' id='word_1_267' title='bbox 748 1774 1004 1808; x_wconf 84' lang='lat' dir='ltr'>contraherent</span> <span class='ocrx_word' id='word_1_268' title='bbox 1026 1773 1202 1819; x_wconf 87' lang='lat' dir='ltr'>originale</span> <span class='ocrx_word' id='word_1_269' title='bbox 1224 1781 1425 1819; x_wconf 88' lang='lat' dir='ltr'>peccatum.</span> 
     </span>
    </p>

    <p class='ocr_par' dir='ltr' id='par_1_11' title="bbox 218 1826 1786 2142">
     <span class='ocr_line' id='line_1_28' title="bbox 293 1826 1786 1878; baseline -0.003 -12"><span class='ocrx_word' id='word_1_270' title='bbox 293 1843 321 1878; x_wconf 80' lang='lat'>3.</span> <span class='ocrx_word' id='word_1_271' title='bbox 344 1831 579 1865; x_wconf 70' lang='lat' dir='ltr'>PRAETEREA.</span> <span class='ocrx_word' id='word_1_272' title='bbox 602 1830 852 1863; x_wconf 83' lang='lat' dir='ltr'>Damascenus</span> <span class='ocrx_word' id='word_1_273' title='bbox 880 1828 965 1862; x_wconf 89' lang='lat' dir='ltr'>dicit</span> <span class='ocrx_word' id='word_1_274' title='bbox 987 1828 1022 1861; x_wconf 91' lang='lat' dir='ltr'>in</span> <span class='ocrx_word' id='word_1_275' title='bbox 1045 1827 1103 1861; x_wconf 88' lang='lat' dir='ltr'>lib.</span> <span class='ocrx_word' id='word_1_276' title='bbox 1130 1839 1158 1873; x_wconf 84' lang='lat'>3.</span> <span class='ocrx_word' id='word_1_277' title='bbox 1183 1826 1297 1872; x_wconf 77' lang='lat' dir='ltr'>(Orth.</span> <span class='ocrx_word' id='word_1_278' title='bbox 1319 1827 1394 1862; x_wconf 83' lang='lat' dir='ltr'>Fid.</span> <span class='ocrx_word' id='word_1_279' title='bbox 1417 1834 1488 1875; x_wconf 84' lang='lat' dir='ltr'>cap.</span> <span class='ocrx_word' id='word_1_280' title='bbox 1507 1828 1567 1875; x_wconf 83' lang='lat'><em>3.)‚</em></span> <span class='ocrx_word' id='word_1_281' title='bbox 1590 1828 1686 1874; x_wconf 93' lang='lat' dir='ltr'>quod</span> <span class='ocrx_word' id='word_1_282' title='bbox 1709 1828 1786 1875; x_wconf 90' lang='lat' dir='ltr'>Spi-</span> 
     </span>
     <span class='ocr_line' id='line_1_29' title="bbox 218 1880 1784 1930; baseline -0.002 -11"><span class='ocrx_word' id='word_1_283' title='bbox 218 1887 304 1920; x_wconf 85' lang='lat' dir='ltr'>ritus</span> <span class='ocrx_word' id='word_1_284' title='bbox 321 1885 473 1919; x_wconf 86' lang='lat' dir='ltr'>Sanctus</span> <span class='ocrx_word' id='word_1_285' title='bbox 488 1883 674 1930; x_wconf 85' lang='lat' dir='ltr'>praevenit</span> <span class='ocrx_word' id='word_1_286' title='bbox 692 1882 753 1927; x_wconf 91' lang='lat' dir='ltr'>[al.</span> <span class='ocrx_word' id='word_1_287' title='bbox 768 1882 970 1929; x_wconf 66' lang='lat' dir='ltr'>supervenit]</span> <span class='ocrx_word' id='word_1_288' title='bbox 987 1883 1021 1915; x_wconf 90' lang='lat' dir='ltr'>in</span> <span class='ocrx_word' id='word_1_289' title='bbox 1038 1881 1294 1927; x_wconf 76' lang='lat' dir='ltr'>Virginen]‚de</span> <span class='ocrx_word' id='word_1_290' title='bbox 1306 1892 1375 1927; x_wconf 91' lang='lat' dir='ltr'>qua</span> <span class='ocrx_word' id='word_1_291' title='bbox 1392 1880 1557 1916; x_wconf 86' lang='lat' dir='ltr'>Christus</span> <span class='ocrx_word' id='word_1_292' title='bbox 1567 1890 1642 1916; x_wconf 92' lang='lat' dir='ltr'>erat</span> <span class='ocrx_word' id='word_1_293' title='bbox 1652 1882 1784 1928; x_wconf 87' lang='lat' dir='ltr'>absque</span> 
     </span>
     <span class='ocr_line' id='line_1_30' title="bbox 218 1934 1784 1985; baseline -0.001 -14"><span class='ocrx_word' id='word_1_294' title='bbox 218 1947 369 1985; x_wconf 88' lang='lat' dir='ltr'>peccato</span> <span class='ocrx_word' id='word_1_295' title='bbox 393 1937 561 1983; x_wconf 81' lang='lat' dir='ltr'>originali</span> <span class='ocrx_word' id='word_1_296' title='bbox 583 1937 797 1977; x_wconf 85' lang='lat' dir='ltr'>nasciturus,</span> <span class='ocrx_word' id='word_1_297' title='bbox 820 1947 977 1981; x_wconf 86' lang='lat' dir='ltr'>purgans</span> <span class='ocrx_word' id='word_1_298' title='bbox 1001 1946 1101 1969; x_wconf 88' lang='lat' dir='ltr'>eam:</span> <span class='ocrx_word' id='word_1_299' title='bbox 1126 1935 1187 1969; x_wconf 79' lang='lat' dir='ltr'>sed</span> <span class='ocrx_word' id='word_1_300' title='bbox 1211 1934 1269 1968; x_wconf 89' lang='lat' dir='ltr'>illa</span> <span class='ocrx_word' id='word_1_301' title='bbox 1293 1935 1458 1981; x_wconf 89' lang='lat' dir='ltr'>purgatio</span> <span class='ocrx_word' id='word_1_302' title='bbox 1481 1946 1554 1969; x_wconf 90' lang='lat' dir='ltr'>non</span> <span class='ocrx_word' id='word_1_303' title='bbox 1576 1934 1700 1970; x_wconf 88' lang='lat' dir='ltr'>fuisset</span> <span class='ocrx_word' id='word_1_304' title='bbox 1726 1947 1784 1970; x_wconf 88' lang='lat' dir='ltr'>ne-</span> 
     </span>
     <span class='ocr_line' id='line_1_31' title="bbox 220 1989 1786 2035; baseline -0.002 -9"><span class='ocrx_word' id='word_1_305' title='bbox 220 1992 386 2034; x_wconf 86' lang='lat' dir='ltr'>cessaria,</span> <span class='ocrx_word' id='word_1_306' title='bbox 409 1992 437 2026; x_wconf 89' lang='lat' dir='ltr'>si</span> <span class='ocrx_word' id='word_1_307' title='bbox 459 1990 605 2025; x_wconf 87' lang='lat' dir='ltr'>infectio</span> <span class='ocrx_word' id='word_1_308' title='bbox 633 1989 819 2035; x_wconf 85' lang='lat' dir='ltr'>originalis</span> <span class='ocrx_word' id='word_1_309' title='bbox 846 1989 985 2035; x_wconf 88' lang='lat' dir='ltr'>peccati</span> <span class='ocrx_word' id='word_1_310' title='bbox 1007 2000 1079 2023; x_wconf 92' lang='lat' dir='ltr'>non</span> <span class='ocrx_word' id='word_1_311' title='bbox 1103 1989 1377 2023; x_wconf 84' lang='lat' dir='ltr'>contraheretur</span> <span class='ocrx_word' id='word_1_312' title='bbox 1405 2000 1446 2023; x_wconf 81' lang='lat' dir='ltr'>ex</span> <span class='ocrx_word' id='word_1_313' title='bbox 1473 1997 1605 2031; x_wconf 84' lang='lat' dir='ltr'>matre3</span> <span class='ocrx_word' id='word_1_314' title='bbox 1628 2001 1714 2035; x_wconf 89' lang='lat' dir='ltr'>ergo</span> <span class='ocrx_word' id='word_1_315' title='bbox 1737 1990 1786 2023; x_wconf 95' lang='lat' dir='ltr'>in-</span> 
     </span>
     <span class='ocr_line' id='line_1_32' title="bbox 219 2041 1786 2090; baseline -0.001 -11"><span class='ocrx_word' id='word_1_316' title='bbox 219 2046 327 2080; x_wconf 88' lang='lat' dir='ltr'>fectio</span> <span class='ocrx_word' id='word_1_317' title='bbox 351 2044 536 2090; x_wconf 86' lang='lat' dir='ltr'>originalis</span> <span class='ocrx_word' id='word_1_318' title='bbox 559 2044 697 2090; x_wconf 84' lang='lat' dir='ltr'>peccati</span> <span class='ocrx_word' id='word_1_319' title='bbox 720 2055 761 2078; x_wconf 75' lang='lat' dir='ltr'>ex</span> <span class='ocrx_word' id='word_1_320' title='bbox 785 2051 899 2077; x_wconf 90' lang='lat' dir='ltr'>matre</span> <span class='ocrx_word' id='word_1_321' title='bbox 926 2042 1079 2076; x_wconf 87' lang='lat' dir='ltr'>trahitur</span> <span class='ocrx_word' id='word_1_322' title='bbox 1097 2050 1131 2076; x_wconf 92' lang='lat' dir='ltr'>et</span> <span class='ocrx_word' id='word_1_323' title='bbox 1152 2042 1214 2084; x_wconf 87' lang='lat' dir='ltr'>sic,</span> <span class='ocrx_word' id='word_1_324' title='bbox 1236 2041 1310 2076; x_wconf 82' lang='lat' dir='ltr'>Eva</span> <span class='ocrx_word' id='word_1_325' title='bbox 1332 2050 1516 2088; x_wconf 86' lang='lat' dir='ltr'>peccante,</span> <span class='ocrx_word' id='word_1_326' title='bbox 1537 2043 1612 2089; x_wconf 75' lang='lat' dir='ltr'>eJus</span> <span class='ocrx_word' id='word_1_327' title='bbox 1631 2042 1693 2077; x_wconf 87' lang='lat' dir='ltr'>filii</span> <span class='ocrx_word' id='word_1_328' title='bbox 1707 2054 1786 2090; x_wconf 90' lang='lat' dir='ltr'>pec-</span> 
     </span>
     <span class='ocr_line' id='line_1_33' title="bbox 221 2096 1423 2142; baseline -0.002 -9"><span class='ocrx_word' id='word_1_329' title='bbox 221 2108 342 2133; x_wconf 87' lang='lat' dir='ltr'>catum</span> <span class='ocrx_word' id='word_1_330' title='bbox 358 2097 533 2142; x_wconf 81' lang='lat' dir='ltr'>originale</span> <span class='ocrx_word' id='word_1_331' title='bbox 549 2097 815 2138; x_wconf 84' lang='lat' dir='ltr'>contraherent,</span> <span class='ocrx_word' id='word_1_332' title='bbox 831 2096 973 2130; x_wconf 82' lang='lat' dir='ltr'>etiamsi</span> <span class='ocrx_word' id='word_1_333' title='bbox 988 2096 1108 2130; x_wconf 86' lang='lat' dir='ltr'>Adam</span> <span class='ocrx_word' id='word_1_334' title='bbox 1130 2107 1204 2129; x_wconf 92' lang='lat' dir='ltr'>non</span> <span class='ocrx_word' id='word_1_335' title='bbox 1227 2103 1423 2141; x_wconf 82' lang='lat' dir='ltr'>peccasset.</span> 
     </span>
    </p>

    <p class='ocr_par' dir='ltr' id='par_1_12' title="bbox 220 2149 1787 2411">
     <span class='ocr_line' id='line_1_34' title="bbox 292 2149 1785 2198; baseline 0 -12"><span class='ocrx_word' id='word_1_336' title='bbox 292 2152 365 2186; x_wconf 69' lang='lat' dir='ltr'>SED</span> <span class='ocrx_word' id='word_1_337' title='bbox 381 2161 535 2186; x_wconf 68' lang='lat' dir='ltr'><strong>CONTRA</strong></span> <span class='ocrx_word' id='word_1_338' title='bbox 552 2159 614 2192; x_wconf 87' lang='lat' dir='ltr'>est,</span> <span class='ocrx_word' id='word_1_339' title='bbox 637 2150 733 2197; x_wconf 79' lang='lat' dir='ltr'>quod</span> <span class='ocrx_word' id='word_1_340' title='bbox 756 2149 955 2196; x_wconf 83' lang='lat' dir='ltr'>Apostolus</span> <span class='ocrx_word' id='word_1_341' title='bbox 975 2150 1061 2183; x_wconf 88' lang='lat' dir='ltr'>dicit</span> <span class='ocrx_word' id='word_1_342' title='bbox 1082 2149 1238 2183; x_wconf 80' lang='lat' dir='ltr'>Roman.</span> <span class='ocrx_word' id='word_1_343' title='bbox 1265 2160 1312 2194; x_wconf 84' lang='lat'>5.:</span> <span class='ocrx_word' id='word_1_344' title='bbox 1330 2150 1393 2184; x_wconf 65' lang='lat' dir='ltr'>Par</span> <span class='ocrx_word' id='word_1_345' title='bbox 1414 2162 1516 2184; x_wconf 82' lang='lat' dir='ltr'>unum</span> <span class='ocrx_word' id='word_1_346' title='bbox 1531 2150 1694 2185; x_wconf 79' lang='lat' dir='ltr'>hominem</span> <span class='ocrx_word' id='word_1_347' title='bbox 1712 2157 1785 2198; x_wconf 72' lang='lat' dir='ltr'>pec-</span> 
     </span>
     <span class='ocr_line' id='line_1_35' title="bbox 221 2203 1785 2251; baseline -0.002 -9"><span class='ocrx_word' id='word_1_348' title='bbox 221 2212 331 2242; x_wconf 70' lang='lat' dir='ltr'>catum</span> <span class='ocrx_word' id='word_1_349' title='bbox 346 2208 378 2240; x_wconf 74' lang='lat' dir='ltr'>in</span> <span class='ocrx_word' id='word_1_350' title='bbox 393 2206 477 2240; x_wconf 74' lang='lat' dir='ltr'>hunc</span> <span class='ocrx_word' id='word_1_351' title='bbox 493 2205 648 2238; x_wconf 74' lang='lat' dir='ltr'>muudum</span> <span class='ocrx_word' id='word_1_352' title='bbox 666 2206 827 2239; x_wconf 67' lang='lat' dir='ltr'>intravit:</span> <span class='ocrx_word' id='word_1_353' title='bbox 845 2205 961 2249; x_wconf 87' lang='lat' dir='ltr'>magis</span> <span class='ocrx_word' id='word_1_354' title='bbox 977 2211 1098 2238; x_wconf 84' lang='lat' dir='ltr'>autem</span> <span class='ocrx_word' id='word_1_355' title='bbox 1113 2203 1237 2238; x_wconf 88' lang='lat' dir='ltr'>fuisset</span> <span class='ocrx_word' id='word_1_356' title='bbox 1259 2203 1464 2246; x_wconf 83' lang='lat' dir='ltr'>dicendum,</span> <span class='ocrx_word' id='word_1_357' title='bbox 1486 2204 1582 2250; x_wconf 92' lang='lat' dir='ltr'>quod</span> <span class='ocrx_word' id='word_1_358' title='bbox 1612 2216 1674 2251; x_wconf 87' lang='lat' dir='ltr'>per</span> <span class='ocrx_word' id='word_1_359' title='bbox 1694 2205 1785 2240; x_wconf 90' lang='lat' dir='ltr'>duos</span> 
     </span>
     <span class='ocr_line' id='line_1_36' title="bbox 220 2257 1787 2305; baseline -0.001 -11"><span class='ocrx_word' id='word_1_360' title='bbox 220 2260 397 2301; x_wconf 86' lang='lat' dir='ltr'>intrasset,</span> <span class='ocrx_word' id='word_1_361' title='bbox 424 2270 507 2292; x_wconf 88' lang='lat' dir='ltr'>cum</span> <span class='ocrx_word' id='word_1_362' title='bbox 535 2258 642 2291; x_wconf 85' lang='lat' dir='ltr'>ambo</span> <span class='ocrx_word' id='word_1_363' title='bbox 671 2257 912 2303; x_wconf 88' lang='lat' dir='ltr'>peccaverint,</span> <span class='ocrx_word' id='word_1_364' title='bbox 935 2257 991 2291; x_wconf 84' lang='lat' dir='ltr'>vel</span> <span class='ocrx_word' id='word_1_365' title='bbox 1014 2257 1132 2303; x_wconf 88' lang='lat' dir='ltr'>potius</span> <span class='ocrx_word' id='word_1_366' title='bbox 1151 2269 1214 2303; x_wconf 86' lang='lat' dir='ltr'>per</span> <span class='ocrx_word' id='word_1_367' title='bbox 1236 2257 1439 2300; x_wconf 80' lang='lat' dir='ltr'>mulierem,</span> <span class='ocrx_word' id='word_1_368' title='bbox 1458 2269 1548 2304; x_wconf 88' lang='lat' dir='ltr'>quae</span> <span class='ocrx_word' id='word_1_369' title='bbox 1571 2258 1688 2304; x_wconf 86' lang='lat' dir='ltr'>primo</span> <span class='ocrx_word' id='word_1_370' title='bbox 1708 2269 1787 2305; x_wconf 88' lang='lat' dir='ltr'>pec-</span> 
     </span>
     <span class='ocr_line' id='line_1_37' title="bbox 223 2310 1787 2358; baseline -0.001 -11"><span class='ocrx_word' id='word_1_371' title='bbox 223 2314 327 2356; x_wconf 86' lang='lat' dir='ltr'>cavit,</span> <span class='ocrx_word' id='word_1_372' title='bbox 347 2313 375 2347; x_wconf 93' lang='lat' dir='ltr'>si</span> <span class='ocrx_word' id='word_1_373' title='bbox 397 2312 557 2346; x_wconf 83' lang='lat' dir='ltr'>foemina</span> <span class='ocrx_word' id='word_1_374' title='bbox 580 2320 770 2357; x_wconf 87' lang='lat' dir='ltr'>peccatum</span> <span class='ocrx_word' id='word_1_375' title='bbox 793 2310 969 2355; x_wconf 71' lang='lat' dir='ltr'>originale</span> <span class='ocrx_word' id='word_1_376' title='bbox 992 2311 1027 2344; x_wconf 89' lang='lat' dir='ltr'>in</span> <span class='ocrx_word' id='word_1_377' title='bbox 1050 2310 1189 2357; x_wconf 88' lang='lat' dir='ltr'>prolem</span> <span class='ocrx_word' id='word_1_378' title='bbox 1208 2311 1485 2353; x_wconf 82' lang='lat' dir='ltr'>transmitteret3</span> <span class='ocrx_word' id='word_1_379' title='bbox 1507 2322 1581 2346; x_wconf 91' lang='lat' dir='ltr'>non</span> <span class='ocrx_word' id='word_1_380' title='bbox 1600 2322 1686 2357; x_wconf 86' lang='lat' dir='ltr'>ergo</span> <span class='ocrx_word' id='word_1_381' title='bbox 1709 2323 1787 2358; x_wconf 91' lang='lat' dir='ltr'>pec-</span> 
     </span>
     <span class='ocr_line' id='line_1_38' title="bbox 223 2364 1367 2411; baseline -0.003 -9"><span class='ocrx_word' id='word_1_382' title='bbox 223 2375 343 2402; x_wconf 88' lang='lat' dir='ltr'>catum</span> <span class='ocrx_word' id='word_1_383' title='bbox 367 2365 543 2411; x_wconf 75' lang='lat' dir='ltr'>originale</span> <span class='ocrx_word' id='word_1_384' title='bbox 567 2365 747 2398; x_wconf 79' lang='lat' dir='ltr'>derivatur</span> <span class='ocrx_word' id='word_1_385' title='bbox 770 2365 804 2397; x_wconf 91' lang='lat' dir='ltr'>in</span> <span class='ocrx_word' id='word_1_386' title='bbox 829 2364 921 2398; x_wconf 81' lang='lat' dir='ltr'>filios</span> <span class='ocrx_word' id='word_1_387' title='bbox 944 2375 963 2398; x_wconf 83' lang='lat' dir='ltr'>a</span> <span class='ocrx_word' id='word_1_388' title='bbox 986 2372 1112 2406; x_wconf 90' lang='lat' dir='ltr'>matre,</span> <span class='ocrx_word' id='word_1_389' title='bbox 1134 2364 1196 2398; x_wconf 86' lang='lat' dir='ltr'>sed</span> <span class='ocrx_word' id='word_1_390' title='bbox 1216 2375 1234 2398; x_wconf 90' lang='lat' dir='ltr'>a</span> <span class='ocrx_word' id='word_1_391' title='bbox 1257 2372 1367 2411; x_wconf 89' lang='lat' dir='ltr'>patre.</span> 
     </span>
    </p>

    <p class='ocr_par' dir='ltr' id='par_1_13' title="bbox 221 2418 1786 2948">
     <span class='ocr_line' id='line_1_39' title="bbox 294 2418 1784 2465; baseline -0.001 -11"><span class='ocrx_word' id='word_1_392' title='bbox 294 2421 522 2455; x_wconf 58' lang='lat' dir='ltr'>Ruspoamao</span> <span class='ocrx_word' id='word_1_393' title='bbox 538 2419 742 2460; x_wconf 84' lang='lat' dir='ltr'>dicendum,</span> <span class='ocrx_word' id='word_1_394' title='bbox 757 2419 852 2464; x_wconf 80' lang='lat' dir='ltr'>quod</span> <span class='ocrx_word' id='word_1_395' title='bbox 873 2419 978 2463; x_wconf 82' lang='lat' dir='ltr'>hujus</span> <span class='ocrx_word' id='word_1_396' title='bbox 994 2418 1225 2452; x_wconf 83' lang='lat' dir='ltr'>dubitationis</span> <span class='ocrx_word' id='word_1_397' title='bbox 1245 2418 1378 2452; x_wconf 88' lang='lat' dir='ltr'>solutio</span> <span class='ocrx_word' id='word_1_398' title='bbox 1393 2429 1434 2452; x_wconf 84' lang='lat' dir='ltr'>ex</span> <span class='ocrx_word' id='word_1_399' title='bbox 1451 2418 1656 2465; x_wconf 87' lang='lat' dir='ltr'>praemissis</span> <span class='ocrx_word' id='word_1_400' title='bbox 1672 2426 1784 2465; x_wconf 86' lang='lat' dir='ltr'>patet:</span> 
     </span>
     <span class='ocr_line' id='line_1_40' title="bbox 223 2472 1784 2519; baseline -0.002 -10"><span class='ocrx_word' id='word_1_401' title='bbox 223 2475 359 2509; x_wconf 88' lang='lat' dir='ltr'>dictum</span> <span class='ocrx_word' id='word_1_402' title='bbox 383 2482 435 2508; x_wconf 91' lang='lat' dir='ltr'>est</span> <span class='ocrx_word' id='word_1_403' title='bbox 457 2475 553 2507; x_wconf 89' lang='lat' dir='ltr'>enim</span> <span class='ocrx_word' id='word_1_404' title='bbox 576 2483 681 2518; x_wconf 80' lang='lat' dir='ltr'>supra</span> <span class='ocrx_word' id='word_1_405' title='bbox 704 2473 774 2516; x_wconf 69' lang='lat' dir='ltr'>(art</span> <span class='ocrx_word' id='word_1_406' title='bbox 797 2485 821 2506; x_wconf 84' lang='lat'>1.</span> <span class='ocrx_word' id='word_1_407' title='bbox 845 2473 912 2517; x_wconf 80' lang='lat' dir='ltr'>lmj.</span> <span class='ocrx_word' id='word_1_408' title='bbox 936 2473 994 2518; x_wconf 58' lang='lat' dir='ltr'>q),</span> <span class='ocrx_word' id='word_1_409' title='bbox 1019 2473 1114 2518; x_wconf 66' lang='lat' dir='ltr'>quoti</span> <span class='ocrx_word' id='word_1_410' title='bbox 1137 2480 1327 2518; x_wconf 89' lang='lat' dir='ltr'>peccatum</span> <span class='ocrx_word' id='word_1_411' title='bbox 1350 2472 1526 2517; x_wconf 86' lang='lat' dir='ltr'>originale</span> <span class='ocrx_word' id='word_1_412' title='bbox 1553 2484 1570 2506; x_wconf 91' lang='lat' dir='ltr'>a</span> <span class='ocrx_word' id='word_1_413' title='bbox 1590 2474 1707 2518; x_wconf 86' lang='lat' dir='ltr'>primo</span> <span class='ocrx_word' id='word_1_414' title='bbox 1727 2484 1784 2519; x_wconf 87' lang='lat' dir='ltr'>pa-</span> 
     </span>
     <span class='ocr_line' id='line_1_41' title="bbox 221 2525 1784 2572; baseline -0.002 -9"><span class='ocrx_word' id='word_1_415' title='bbox 221 2537 320 2563; x_wconf 87' lang='lat' dir='ltr'>rente</span> <span class='ocrx_word' id='word_1_416' title='bbox 342 2527 548 2569; x_wconf 83' lang='lat' dir='ltr'>traducitur,</span> <span class='ocrx_word' id='word_1_417' title='bbox 570 2526 782 2572; x_wconf 83' lang='lat' dir='ltr'>inquantum</span> <span class='ocrx_word' id='word_1_418' title='bbox 806 2526 879 2571; x_wconf 85' lang='lat' dir='ltr'>ipse</span> <span class='ocrx_word' id='word_1_419' title='bbox 903 2534 1026 2559; x_wconf 74' lang='lat' dir='ltr'>movet</span> <span class='ocrx_word' id='word_1_420' title='bbox 1049 2526 1090 2559; x_wconf 82' lang='lat' dir='ltr'>ad</span> <span class='ocrx_word' id='word_1_421' title='bbox 1111 2525 1384 2571; x_wconf 74' lang='lat' dir='ltr'>generationem</span> <span class='ocrx_word' id='word_1_422' title='bbox 1406 2534 1594 2568; x_wconf 81' lang='lat' dir='ltr'>natorum3</span> <span class='ocrx_word' id='word_1_423' title='bbox 1618 2526 1711 2560; x_wconf 84' lang='lat' dir='ltr'>unde</span> <span class='ocrx_word' id='word_1_424' title='bbox 1735 2526 1784 2560; x_wconf 89' lang='lat' dir='ltr'>di-</span> 
     </span>
     <span class='ocr_line' id='line_1_42' title="bbox 223 2579 1784 2627; baseline -0.001 -11"><span class='ocrx_word' id='word_1_425' title='bbox 223 2591 320 2616; x_wconf 88' lang='lat' dir='ltr'>ctum</span> <span class='ocrx_word' id='word_1_426' title='bbox 343 2590 395 2615; x_wconf 90' lang='lat' dir='ltr'>est</span> <span class='ocrx_word' id='word_1_427' title='bbox 417 2581 656 2627; x_wconf 58' lang='lat' dir='ltr'>(itt&#39;t.l⁷t&#39;‹1ez·.),</span> <span class='ocrx_word' id='word_1_428' title='bbox 685 2579 780 2625; x_wconf 79' lang='lat' dir='ltr'>quod</span> <span class='ocrx_word' id='word_1_429' title='bbox 804 2580 830 2612; x_wconf 86' lang='lat' dir='ltr'>si</span> <span class='ocrx_word' id='word_1_430' title='bbox 859 2579 1092 2613; x_wconf 83' lang='lat' dir='ltr'>materialiter</span> <span class='ocrx_word' id='word_1_431' title='bbox 1114 2587 1252 2613; x_wconf 84' lang='lat' dir='ltr'>tantum</span> <span class='ocrx_word' id='word_1_432' title='bbox 1276 2579 1402 2625; x_wconf 87' lang='lat' dir='ltr'>aliquis</span> <span class='ocrx_word' id='word_1_433' title='bbox 1425 2590 1466 2613; x_wconf 79' lang='lat' dir='ltr'>ex</span> <span class='ocrx_word' id='word_1_434' title='bbox 1495 2591 1601 2614; x_wconf 87' lang='lat' dir='ltr'>carne</span> <span class='ocrx_word' id='word_1_435' title='bbox 1625 2580 1784 2614; x_wconf 86' lang='lat' dir='ltr'>humana</span> 
     </span>
     <span class='ocr_line' id='line_1_43' title="bbox 223 2631 1772 2680; baseline -0.001 -10"><span class='ocrx_word' id='word_1_436' title='bbox 223 2643 465 2680; x_wconf 69' lang='lat' dir='ltr'>generaretur,</span> <span class='ocrx_word' id='word_1_437' title='bbox 489 2633 664 2679; x_wconf 79' lang='lat' dir='ltr'>originale</span> <span class='ocrx_word' id='word_1_438' title='bbox 688 2640 875 2679; x_wconf 88' lang='lat' dir='ltr'>peccatum</span> <span class='ocrx_word' id='word_1_439' title='bbox 899 2644 972 2666; x_wconf 88' lang='lat' dir='ltr'>non</span> <span class='ocrx_word' id='word_1_440' title='bbox 996 2633 1234 2667; x_wconf 80' lang='lat' dir='ltr'>contraheret.</span> <span class='ocrx_word' id='word_1_441' title='bbox 1258 2631 1490 2666; x_wconf 84' lang='lat' dir='ltr'>Manifestum</span> <span class='ocrx_word' id='word_1_442' title='bbox 1518 2641 1571 2667; x_wconf 87' lang='lat' dir='ltr'>est</span> <span class='ocrx_word' id='word_1_443' title='bbox 1593 2641 1712 2668; x_wconf 89' lang='lat' dir='ltr'>autem</span> <span class='ocrx_word' id='word_1_444' title='bbox 1735 2645 1772 2668; x_wconf 89' lang='lat' dir='ltr'>se</span> 
     </span>
     <span class='ocr_line' id='line_1_44' title="bbox 223 2685 1786 2733; baseline -0.002 -10"><span class='ocrx_word' id='word_1_445' title='bbox 223 2690 381 2724; x_wconf 82' lang='lat' dir='ltr'>cundum</span> <span class='ocrx_word' id='word_1_446' title='bbox 404 2688 605 2722; x_wconf 79' lang='lat' dir='ltr'>doctrinam</span> <span class='ocrx_word' id='word_1_447' title='bbox 629 2687 944 2733; x_wconf 75' lang='lat' dir='ltr'>philosophorum,</span> <span class='ocrx_word' id='word_1_448' title='bbox 971 2687 1067 2732; x_wconf 80' lang='lat' dir='ltr'>quod</span> <span class='ocrx_word' id='word_1_449' title='bbox 1086 2686 1300 2732; x_wconf 85' lang='lat' dir='ltr'>principium</span> <span class='ocrx_word' id='word_1_450' title='bbox 1318 2685 1475 2720; x_wconf 77' lang='lat' dir='ltr'>activum</span> <span class='ocrx_word' id='word_1_451' title='bbox 1496 2686 1530 2720; x_wconf 89' lang='lat' dir='ltr'>in</span> <span class='ocrx_word' id='word_1_452' title='bbox 1553 2687 1786 2730; x_wconf 85' lang='lat' dir='ltr'>generatione</span> 
     </span>
     <span class='ocr_line' id='line_1_45' title="bbox 224 2739 1785 2789; baseline -0.003 -11"><span class='ocrx_word' id='word_1_453' title='bbox 224 2752 276 2778; x_wconf 89' lang='lat' dir='ltr'>est</span> <span class='ocrx_word' id='word_1_454' title='bbox 303 2755 321 2777; x_wconf 86' lang='lat' dir='ltr'>a</span> <span class='ocrx_word' id='word_1_455' title='bbox 343 2751 453 2789; x_wconf 80' lang='lat' dir='ltr'>patre,</span> <span class='ocrx_word' id='word_1_456' title='bbox 476 2742 664 2775; x_wconf 83' lang='lat' dir='ltr'>materiam</span> <span class='ocrx_word' id='word_1_457' title='bbox 685 2749 803 2774; x_wconf 86' lang='lat' dir='ltr'>autem</span> <span class='ocrx_word' id='word_1_458' title='bbox 826 2748 939 2774; x_wconf 79' lang='lat' dir='ltr'>mater</span> <span class='ocrx_word' id='word_1_459' title='bbox 962 2740 1157 2779; x_wconf 50' lang='lat' dir='ltr'>ministram</span> <span class='ocrx_word' id='word_1_460' title='bbox 1181 2740 1274 2773; x_wconf 86' lang='lat' dir='ltr'>unde</span> <span class='ocrx_word' id='word_1_461' title='bbox 1297 2747 1486 2786; x_wconf 86' lang='lat' dir='ltr'>peccatum</span> <span class='ocrx_word' id='word_1_462' title='bbox 1509 2739 1685 2785; x_wconf 89' lang='lat' dir='ltr'>originale</span> <span class='ocrx_word' id='word_1_463' title='bbox 1712 2751 1785 2774; x_wconf 91' lang='lat' dir='ltr'>non</span> 
     </span>
     <span class='ocr_line' id='line_1_46' title="bbox 225 2793 1786 2840; baseline -0.002 -9"><span class='ocrx_word' id='word_1_464' title='bbox 225 2797 449 2832; x_wconf 84' lang='lat' dir='ltr'>contrahitur</span> <span class='ocrx_word' id='word_1_465' title='bbox 471 2808 489 2830; x_wconf 88' lang='lat' dir='ltr'>a</span> <span class='ocrx_word' id='word_1_466' title='bbox 513 2804 637 2837; x_wconf 85' lang='lat' dir='ltr'>matre,</span> <span class='ocrx_word' id='word_1_467' title='bbox 666 2795 727 2829; x_wconf 78' lang='lat' dir='ltr'>sed</span> <span class='ocrx_word' id='word_1_468' title='bbox 751 2806 769 2828; x_wconf 86' lang='lat' dir='ltr'>a</span> <span class='ocrx_word' id='word_1_469' title='bbox 789 2803 905 2840; x_wconf 80' lang='lat' dir='ltr'>patre:</span> <span class='ocrx_word' id='word_1_470' title='bbox 930 2802 963 2828; x_wconf 81' lang='lat' dir='ltr'>et</span> <span class='ocrx_word' id='word_1_471' title='bbox 985 2794 1183 2827; x_wconf 72' lang='lat' dir='ltr'>secundum</span> <span class='ocrx_word' id='word_1_472' title='bbox 1207 2794 1290 2834; x_wconf 84' lang='lat' dir='ltr'>hoc,</span> <span class='ocrx_word' id='word_1_473' title='bbox 1313 2794 1341 2827; x_wconf 86' lang='lat' dir='ltr'>si</span> <span class='ocrx_word' id='word_1_474' title='bbox 1364 2793 1482 2827; x_wconf 80' lang='lat' dir='ltr'>Adam</span> <span class='ocrx_word' id='word_1_475' title='bbox 1505 2804 1578 2827; x_wconf 89' lang='lat' dir='ltr'>non</span> <span class='ocrx_word' id='word_1_476' title='bbox 1603 2802 1786 2839; x_wconf 85' lang='lat' dir='ltr'>peccante,</span> 
     </span>
     <span class='ocr_line' id='line_1_47' title="bbox 226 2847 1785 2897; baseline -0.003 -12"><span class='ocrx_word' id='word_1_477' title='bbox 226 2852 299 2886; x_wconf 80' lang='lat' dir='ltr'>Eva</span> <span class='ocrx_word' id='word_1_478' title='bbox 322 2858 516 2897; x_wconf 83' lang='lat' dir='ltr'>peccasset,</span> <span class='ocrx_word' id='word_1_479' title='bbox 541 2849 601 2883; x_wconf 73' lang='lat' dir='ltr'>tilii</span> <span class='ocrx_word' id='word_1_480' title='bbox 625 2848 800 2893; x_wconf 85' lang='lat' dir='ltr'>originale</span> <span class='ocrx_word' id='word_1_481' title='bbox 824 2856 1013 2894; x_wconf 81' lang='lat' dir='ltr'>peccatum</span> <span class='ocrx_word' id='word_1_482' title='bbox 1037 2859 1108 2881; x_wconf 93' lang='lat' dir='ltr'>non</span> <span class='ocrx_word' id='word_1_483' title='bbox 1133 2847 1403 2881; x_wconf 85' lang='lat' dir='ltr'>contraherent:</span> <span class='ocrx_word' id='word_1_484' title='bbox 1427 2859 1445 2881; x_wconf 89' lang='lat' dir='ltr'>e</span> <span class='ocrx_word' id='word_1_485' title='bbox 1468 2857 1646 2881; x_wconf 85' lang='lat' dir='ltr'>converso</span> <span class='ocrx_word' id='word_1_486' title='bbox 1665 2854 1785 2881; x_wconf 86' lang='lat' dir='ltr'>autem</span> 
     </span>
     <span class='ocr_line' id='line_1_48' title="bbox 226 2901 1000 2948; baseline -0.006 -9"><span class='ocrx_word' id='word_1_487' title='bbox 226 2913 329 2946; x_wconf 82' lang='lat' dir='ltr'>esset,</span> <span class='ocrx_word' id='word_1_488' title='bbox 352 2905 379 2938; x_wconf 87' lang='lat' dir='ltr'>si</span> <span class='ocrx_word' id='word_1_489' title='bbox 404 2904 520 2938; x_wconf 70' lang='lat' dir='ltr'>Adam</span> <span class='ocrx_word' id='word_1_490' title='bbox 545 2910 742 2948; x_wconf 84' lang='lat' dir='ltr'>peccasset,</span> <span class='ocrx_word' id='word_1_491' title='bbox 765 2909 798 2936; x_wconf 86' lang='lat' dir='ltr'>et</span> <span class='ocrx_word' id='word_1_492' title='bbox 822 2901 894 2935; x_wconf 82' lang='lat' dir='ltr'>Eva</span> <span class='ocrx_word' id='word_1_493' title='bbox 918 2912 1000 2934; x_wconf 88' lang='lat' dir='ltr'>nou.</span> 
     </span>
    </p>
   </div>
  </div>
 </body>
</html>
