1907 3198
511 187 735 224 QUAESTIO
769 186 873 217 XLII.
907 184 1158 216 ARTICULUS
1192 185 1250 215 IV.
1583 185 1665 227 309

150 273 383 309 RESPONDEO
411 271 622 313 dicendum,
649 269 759 317 quod,
783 269 881 309 sicut
908 268 1047 302 dictum
1070 275 1124 302 est
1150 268 1231 312 (art.
1253 268 1398 314 praec),
1427 266 1516 300 illud
1544 265 1666 301 solum

79 328 190 364 habet
214 327 396 362 rationem
417 325 599 367 terribilis,
611 325 709 371 quod
725 335 767 359 ex
790 335 900 358 causa
915 323 1118 357 extrinseca
1132 321 1318 369 provenit3
1340 332 1415 355 non
1432 328 1554 355 autem
1570 321 1668 367 quod

79 381 248 430 provenit
270 393 313 416 ex
334 380 524 414 voluntate
546 387 691 413 nostra:
716 379 828 413 timor
851 386 973 412 autem
995 376 1128 424 partim
1151 376 1320 422 provenit
1341 386 1383 409 ex
1406 386 1515 410 causa
1542 375 1670 410 extrin-

78 447 174 479 seca,
196 443 232 470 et
252 434 384 482 partim
407 434 571 479 subjacet
592 433 795 467 voluntati:
818 431 987 479 provenit
1008 431 1157 477 quidem
1181 442 1223 464 ex
1247 441 1356 464 causa
1378 429 1592 471 extrinseca,
1619 429 1670 463 in-

78 498 255 539 quantum
277 497 332 524 est
353 488 474 536 passio
497 488 679 534 quaedam
700 497 929 533 consequens
948 485 1181 532 phantasiam
1200 484 1428 518 imminentis
1443 483 1549 518 mali:
1575 491 1610 518 et
1626 495 1670 518 se-

77 544 222 580 cundum
248 544 307 578 hoc
328 547 433 590 potest
459 543 582 588 aliquis
609 543 724 576 timer-c
753 543 918 582 timorem,
948 550 994 574 ne
1022 539 1163 573 scilicet
1192 538 1386 572 immineat
1412 538 1445 572 ei
1471 538 1669 572 necessitas

76 598 230 634 timendi
251 605 400 644 propter
421 596 667 642 ingruentiam
692 595 845 641 alicujus
868 593 1079 628 excellentis
1099 592 1204 627 mali:
1223 593 1387 638 subjacet
1405 600 1528 627 autem
1542 592 1670 627 volun-

77 653 154 695 tati,
175 652 394 699 inquantum
417 651 596 697 appetitus
619 649 768 684 inferior
790 649 914 683 obedit
935 648 1085 690 rationi;
1107 647 1203 681 unde
1225 647 1342 681 homo
1357 654 1477 693 potest
1494 647 1667 681 timorem

78 706 270 753 repellere:
294 713 330 740 et
351 705 556 740 secundum
575 704 646 738 hoc
662 704 775 739 timor
795 715 871 737 non
889 710 1008 750 potest
1019 702 1202 743 timeri,ut
1216 701 1303 736 dicit
1313 702 1470 747 August.
1493 701 1527 735 in
1540 701 1599 735 lib.
1612 702 1668 747 83.

81 759 172 802 QQ.
192 759 324 807 (ψῃ).
343 759 416 794 Sed
435 759 520 805 quia
543 758 757 800 rationibus,
779 768 869 804 quas
891 756 1041 798 inducit,
1065 755 1194 802 aliquis
1210 763 1335 802 posset
1347 755 1399 789 uti
1419 755 1462 789 ad
1479 755 1670 790 ostenden-

79 815 179 858 dum,
201 814 300 862 quod
320 814 434 848 timor
455 812 558 847 nullo
581 811 695 847 modo
718 812 902 853 timeatur,
924 811 1008 845 ideo
1031 810 1076 844 ad
1099 820 1159 844 eas
1181 809 1481 856 respondendum
1501 817 1566 844 est.

151 871 213 906 AD
234 880 387 906 PRIMUM
409 879 497 914 ergo
520 867 730 908 dicendum,
753 866 852 913 quod
874 877 949 900 non
973 865 1094 900 omnis
1122 865 1234 898 timor
1256 872 1310 898 est
1331 875 1423 898 unus
1444 864 1578 898 timor:
1607 864 1669 898 sed

78 925 282 961 secundum
303 923 458 964 diversa,
481 933 574 969 quae
596 922 783 963 timentur,
807 928 890 955 sunt
912 920 1045 955 diversi
1066 919 1236 954 timores:
1258 918 1351 952 nihil
1373 929 1461 964 ergo
1489 918 1670 964 prohibet,

79 979 166 1026 quin
188 989 262 1013 uno
283 978 418 1012 timore
442 976 503 1022 [al.
527 977 607 1022 quin
631 977 664 1010 in
687 987 751 1010 uno
771 975 906 1021 timore]
932 975 1062 1021 aliquis
1085 981 1294 1020 praeservet
1315 984 1352 1007 se
1371 974 1414 1007 ab
1433 973 1505 1008 alio
1523 974 1669 1016 timore,

79 1041 115 1068 et
135 1033 186 1068 sic
209 1031 393 1066 custodiat
413 1041 452 1065 se
474 1041 549 1064 non
572 1031 765 1064 timentem
791 1029 853 1075 [al.
876 1041 942 1063 non
966 1031 1080 1063 timere
1099 1028 1192 1073 tum]
1219 1028 1282 1062 illo
1305 1028 1452 1063 timore.

149 1086 210 1121 AD
238 1095 448 1121 SECUNDUM
473 1084 682 1125 dicendum,
705 1084 803 1130 quod
828 1095 912 1117 cum
935 1083 981 1118 sit
1003 1083 1094 1117 alius
1117 1083 1240 1125 timor,
1264 1094 1336 1128 quo
1358 1083 1508 1117 timetur
1530 1082 1670 1117 malum

79 1141 288 1181 imminens,
310 1147 346 1173 et
368 1138 460 1173 alius
481 1139 606 1180 timor,
629 1149 703 1185 quo
721 1138 871 1172 timetur
893 1138 970 1184 ipse
997 1138 1109 1172 timor
1135 1137 1223 1171 mali
1254 1137 1492 1178 imminentis,
1518 1148 1594 1171 non
1620 1149 1671 1171 sc-

82 1195 212 1244 quitur‚
234 1193 332 1240 quod
354 1193 450 1227 idem
474 1192 590 1239 fugiat
611 1194 784 1238 seipsum,
808 1191 866 1225 vel
889 1191 986 1238 quod
1009 1191 1054 1225 sit
1076 1191 1173 1225 idem
1194 1190 1280 1236 fuga
1302 1191 1357 1225 sui
1378 1191 1502 1237 ipsius.

151 1249 211 1284 AD
233 1258 408 1283 TERTIUM
431 1247 641 1288 dicendum,
664 1246 761 1292 quod
784 1254 933 1292 propter
955 1245 1203 1279 diversitatem
1225 1246 1401 1279 timorum
1424 1246 1498 1291 jam
1521 1245 1670 1287 dictam,

81 1303 212 1340 timore
233 1301 415 1350 praesenti
437 1309 558 1348 potest
578 1301 695 1335 homo
717 1300 847 1334 timere
871 1298 1030 1333 futurum
1053 1299 1237 1333 timorem.

649 1443 999 1489 ARTICULUS
1035 1444 1089 1486 v.
1603 1465 1671 1502 239

424 1555 582 1585 UTRUM
607 1554 857 1586 REPENTINA
884 1554 1017 1584 MAGIS
1046 1554 1322 1585 TIMEANTUR.

597 1643 701 1690 (Insr.
731 1656 761 1690 q.
789 1644 847 1689 48.
877 1648 943 1678 art.
968 1656 996 1690 3.
1026 1643 1069 1678 ad
1094 1643 1154 1690 3.).

154 1736 215 1772 AD
237 1745 420 1776 QUINTUM
442 1734 494 1770 sic
517 1734 737 1782 proceditur.
760 1734 925 1776 Videtur,
948 1735 1047 1781 quod
1068 1734 1228 1777 insolita,
1243 1742 1278 1769 et
1298 1734 1487 1781 repentina
1509 1745 1583 1769 non
1603 1733 1675 1768 sint
1727 1740 1729 1744 ’

84 1791 203 1838 magis
223 1789 415 1825 terribilia:
438 1789 532 1824 sicut
553 1789 651 1824 enim
666 1800 748 1835 spes
761 1798 815 1823 est
836 1789 880 1823 de
895 1789 1007 1831 bono,
1025 1789 1074 1823 ita
1089 1789 1202 1823 timor
1223 1797 1277 1823 est
1294 1789 1338 1823 de
1353 1788 1473 1823 malo:
1489 1788 1552 1822 sed
1572 1800 1676 1835 expe-

79 1845 211 1880 rientia
231 1843 320 1879 facit
341 1844 386 1879 ad
415 1851 655 1890 augmentum
683 1843 760 1890 spei
786 1843 822 1877 in
844 1843 970 1886 bonis;
993 1855 1082 1889 ergo
1110 1845 1221 1878 etiam
1248 1842 1334 1877 facit
1361 1843 1404 1877 ad
1432 1850 1674 1889 augmentum

79 1899 223 1935 timoris
244 1898 282 1933 in
303 1897 423 1933 malis.

154 1964 186 1988 2.
208 1953 450 1988 PRAETEREA.
471 1951 611 1987 Philos.
634 1951 722 1986 dicit
743 1952 779 1986 in
799 1962 830 1986 2.
850 1952 1038 1987 Rhetoric.
1063 1952 1152 1999 (cap.
1172 1964 1200 1998 5.
1224 1957 1301 1987 ante
1317 1951 1417 1998 mad.)
1438 1951 1537 1998 quod
1556 1951 1674 1997 magis

79 2008 266 2050 timentur,
287 2018 363 2042 non
386 2007 449 2054 qui
471 2015 600 2042 acutae
616 2014 700 2041 sunt
717 2007 804 2048 irae,
827 2007 889 2041 sed
913 2007 1031 2049 mites,
1051 2015 1085 2041 et
1108 2007 1231 2041 astuti:
1256 2014 1400 2041 constat
1423 2015 1558 2048 autern,
1577 2006 1675 2052 quod

81 2061 134 2098 illi
155 2062 218 2110 qui
243 2069 373 2096 acutae
399 2061 475 2096 irae
502 2069 598 2104 sunt,
625 2061 744 2107 magis
772 2061 909 2096 habent
935 2061 1074 2096 subitos
1101 2070 1245 2103 motus;
1273 2072 1362 2107 ergo
1390 2072 1444 2103 ea,
1472 2072 1565 2107 quae
1592 2068 1676 2094 sunt

81 2116 210 2159 subita,
233 2124 317 2151 sunt
338 2115 460 2150 minus
481 2115 668 2150 terribilia.

156 2182 186 2218 3.
208 2170 451 2205 PRAETEREA.
481 2169 590 2210 Quae
617 2178 701 2204 sunt
728 2169 857 2213 subita,
884 2170 1005 2204 minus
1033 2169 1258 2204 considerari
1285 2177 1455 2216 possunt:
1483 2169 1544 2204 sed
1573 2176 1675 2203 tanto

83 2225 205 2273 aliqua
226 2224 345 2272 magis
366 2224 554 2266 timentur,
577 2232 714 2270 quanto
738 2224 856 2269 magis
879 2224 1170 2266 considerantur,
1194 2224 1289 2258 unde
1311 2223 1450 2258 Philos.
1474 2223 1562 2258 dicit
1579 2223 1615 2257 in
1647 2235 1675 2269 3.

83 2279 201 2315 Ethic.
225 2278 315 2326 (cap.
341 2279 374 2315 8.
402 2279 438 2313 in
456 2279 550 2325 fin.)‚
573 2278 671 2324 quod
699 2277 812 2325 aliqui
837 2278 1007 2313 videntur
1028 2277 1140 2313 fortes
1161 2286 1311 2325 propter
1331 2278 1592 2325 ignorantiam,
1615 2277 1677 2324 qui

83 2333 116 2369 si
149 2333 405 2381 cognoverint,
431 2333 530 2380 quod
557 2332 656 2367 aliud
690 2333 745 2375 sit,
768 2344 877 2379 quam
906 2333 1148 2380 suspicantur,
1175 2332 1336 2379 fugiunt3
1371 2343 1460 2379 ergo
1488 2332 1677 2379 repentina

83 2399 206 2423 minus
228 2395 417 2424 t1mentur.
631 2421 642 2431 ,
1564 2425 1568 2429 .

157 2441 233 2478 SED
260 2452 419 2478 CONTRA
446 2449 512 2484 est,
540 2440 638 2492 quod
667 2441 896 2487 Augustinus
923 2441 1011 2476 dicit
1031 2441 1068 2476 in
1091 2451 1123 2476 2.
1148 2441 1317 2477 Confess.
1343 2441 1432 2488 (cap.
1456 2441 1488 2477 6.
1512 2453 1532 2475 a
1554 2441 1675 2487 med).-

90 2496 209 2532 Timor
233 2496 380 2539 insolita,
408 2501 438 2531 et
464 2497 634 2543 repentina
660 2496 872 2538 exhorrescit,
900 2497 1008 2539 rebus,
1035 2507 1119 2543 quae
1144 2501 1319 2539 amantur,
1342 2495 1570 2539 adversantia,
1597 2494 1677 2529 dum

78 2555 264 2598 praecavet
287 2551 470 2586 securitati.

156 2603 390 2640 RESPONm-:o
406 2604 616 2647 dicendum,
627 2604 738 2652 quod,
749 2604 843 2640 sicut
857 2616 964 2652 supra
976 2606 1113 2641 dictum
1130 2613 1185 2641 est
1199 2606 1318 2653 (art.3.
1331 2606 1400 2651 huj.
1416 2605 1478 2651 q.),
1491 2605 1678 2650 objectum

84 2657 228 2694 timoris
249 2667 306 2694 est
325 2658 466 2694 malum
489 2659 700 2702 imminens,
727 2659 826 2706 quod
847 2671 923 2694 non
946 2660 991 2694 de
1017 2659 1116 2694 facili
1137 2659 1265 2706 repelli
1287 2668 1429 2706 potest:
1458 2659 1530 2693 hoc
1554 2666 1677 2692 autem

86 2723 129 2748 ex
149 2712 276 2749 duobus
297 2713 498 2760 contingit3
521 2712 662 2748 scilicet
688 2724 730 2748 ex
750 2714 1003 2760 magnitudine
1031 2714 1131 2756 mali,
1155 2723 1190 2749 et
1217 2725 1258 2748 ex
1281 2713 1467 2748 debilitate
1489 2713 1670 2747 timentis:

84 2765 132 2801 ad
153 2774 349 2814 utrumque
371 2775 495 2802 autem
522 2767 657 2802 horum
685 2776 867 2814 operatur,
895 2769 993 2816 quod
1017 2768 1153 2815 aliquid
1176 2769 1221 2803 sit
1242 2767 1445 2810 insolitum,
1468 2775 1503 2801 et
1525 2767 1680 2813 repenti-

83 2830 187 2856 num.
210 2821 327 2857 Primo
355 2821 503 2869 quidem
530 2820 618 2856 facit
645 2822 689 2856 ad
715 2821 800 2866 hoc,
828 2823 925 2870 quod
954 2822 1094 2857 malum
1122 2823 1320 2857 imminens
1348 2823 1465 2867 majus
1493 2829 1678 2868 appareat,

50 2892 59 2900 -
82 2875 214 2911 ’omnia
238 2876 337 2911 enirn
365 2876 584 2924 corporalia,
607 2885 642 2912 et
663 2877 771 2919 bona,
794 2885 830 2912 et
855 2877 966 2920 mala,
988 2886 1126 2924 quanto
1149 2877 1268 2923 magis
1296 2876 1587 2917 considerantur,
1615 2875 1680 2909 mi-

83 2928 179 2965 ‘nora
199 2939 386 2978 apparent,
409 2939 444 2966 et
464 2930 561 2974 ideo,
580 2931 673 2966 sicut
694 2939 843 2978 propter
866 2931 927 2978 [al.
943 2932 1022 2980 per]
1046 2931 1322 2967 diuturnitatem
1349 2930 1456 2966 dolor
1478 2929 1678 2977 praesentis

234 3013 265 3042 S.
285 3013 411 3041 Tuom
431 3013 538 3042 Summa
557 3013 720 3051 Theologica.
742 3014 808 3042 Vol.
830 3014 868 3042 11.
1501 3021 1531 3039 21
