1907 3198
528 205 750 244 Qufflsrto
785 205 871 237 ext.
905 203 1149 236 tumemus
1182 203 1226 234 11.
1591 192 1674 247 849

187 300 219 326 2.
245 289 482 325 Primnum.
506 287 544 323 Si
565 288 681 334 gratia
707 286 840 335 aliquid
867 294 1036 334 operetur
1061 286 1096 321 in
1122 285 1239 327 nobis,
1266 284 1424 320 maxime
1451 293 1619 332 operatur
1641 285 1676 320 in

115 343 221 379 nobis
240 341 552 389 justificationem:
575 341 636 376 sed
659 341 729 376 hoc
751 352 825 376 non
847 340 925 376 sola
947 340 1061 386 gratia
1082 347 1250 386 operatur
1272 339 1306 372 in
1328 338 1448 373 nobis:
1472 338 1558 374 dicit
1579 338 1676 373 enim

115 396 343 444 Augustinus
367 407 474 442 super
495 394 582 430 illud
607 395 712 441 Joan.
748 405 819 438 14.:
851 395 979 442 Opera,
1001 405 1083 440 quae
1109 404 1164 438 ego
1188 393 1297 440 sucin,
1321 397 1348 427 et
1371 393 1436 439 ipse
1455 392 1575 437 saciat:
1608 393 1678 436 Qui

115 450 243 488 creavit
263 454 292 486 te
310 450 377 485 sine
399 454 437 492 te,
460 461 525 484 non
542 449 738 496 justificabit
759 453 785 484 ια
803 449 869 483 sine
887 453 936 490 te,·
960 459 1048 494 ergo
1070 446 1168 482 nulla
1191 446 1305 494 gratia
1327 446 1433 481 debet
1454 445 1525 480 dici
1546 445 1679 493 simpli-

116 503 206 540 citer
225 513 392 550 operans.

189 567 219 604 3.
240 555 478 593 PRAETEREA.
498 555 699 602 Cooperari
722 555 829 590 alicui
850 555 990 590 videtur
1018 554 1194 602 pertinere
1216 554 1259 589 ad
1284 552 1431 588 inferius
1454 564 1576 600 agens,
1603 564 1678 588 non

115 612 238 645 autem
260 609 304 644 ad
326 608 575 656 principalius:
598 609 658 644 sed
682 609 795 654 gratia
818 608 1050 656 principalius
1072 616 1241 655 operatur
1261 608 1297 642 in
1319 607 1436 650 nobis,
1457 618 1567 654 quam
1589 606 1677 642 libe-

115 674 197 699 rum
218 663 417 706 arbitrium,
438 663 638 698 secundum
662 662 749 697 illud
772 663 880 697 Rom.
902 674 954 709 9.:
978 663 1053 698 Non
1072 667 1115 697 est
1136 663 1309 704 currentis,
1332 673 1431 708 nequa
1451 661 1601 703 volentis,
1627 660 1679 695 sad

114 718 296 754 miserentis
315 717 405 758 Des&
427 728 516 763 ergo
539 716 652 762 gratia
675 727 748 750 non
771 717 875 751 debet
897 716 966 751 dici
987 727 1200 763 cooperans.

184 779 219 815 4.
240 769 477 806 PRAETEREA.
499 770 640 804 Divisio
663 770 766 804 debet
789 770 865 804 dari
887 781 949 816 per
971 770 1155 816 opposita:
1179 769 1240 804 sed
1263 768 1417 815 operari,
1435 777 1471 803 et
1488 768 1677 814 cooperari

114 834 190 860 non
210 831 294 859 sunt
313 823 498 871 opposita:
528 823 623 858 idem
646 823 743 858 enim
766 831 884 870 potest
911 823 1065 870 operari,
1093 831 1126 858 et
1156 822 1365 870 cooperari3
1397 833 1484 869 ergo
1509 822 1680 857 inconve-

114 877 255 913 nienter
274 877 443 912 dividitur
463 878 578 923 gratia
600 888 664 923 per
685 885 910 924 operantem,
932 885 966 912 et
988 885 1259 924 cooperantem.

186 930 262 967 SED
289 940 444 967 CONTRA
466 938 530 973 est,
552 930 648 977 quod
672 931 767 975 Aug.
790 930 874 965 dicit
897 931 931 964 in
951 930 1010 964 lib.
1033 931 1077 965 de
1100 930 1201 965 Grat.
1223 938 1258 965 et
1281 930 1357 964 Lib.
1381 930 1466 964 Arb.
1491 929 1577 977 (cap.
1600 930 1678 976 17.)‚

115 984 350 1032 cooperando
370 984 471 1019 Deus
494 985 527 1019 in
550 984 654 1019 nobis
676 983 825 1031 perficit,
847 984 945 1030 quod
968 985 1154 1031 operando
1177 984 1329 1030 incepit;
1356 984 1439 1030 quia
1467 983 1541 1030 ipse
1563 991 1602 1018 ut
1622 994 1678 1017 ve-

115 1037 224 1073 limus
254 1045 425 1085 operatur
451 1037 640 1084 incipiens,
670 1037 731 1084 qui
760 1037 964 1072 volentibus
995 1046 1212 1084 cooperatur
1233 1037 1438 1084 perficiens:
1467 1037 1528 1072 sed
1556 1047 1680 1083 opera-

114 1091 233 1127 tiones
253 1090 334 1133 Dei,
356 1091 484 1138 quibus
506 1099 630 1125 movet
651 1102 718 1125 nos
740 1091 782 1125 ad
804 1091 954 1133 bonum,
976 1091 1019 1126 ad
1041 1091 1193 1137 gratiam
1217 1091 1410 1138 pcrtinent;
1434 1102 1522 1137 ergo
1550 1101 1680 1125 conve-

114 1145 255 1182 nienter
274 1145 390 1192 gratia
412 1145 582 1180 dividitur
600 1156 663 1191 per
684 1154 909 1191 operantem,
932 1153 966 1180 ct
988 1153 1259 1192 cooperantem.

185 1198 416 1235 RESPONDEO
437 1198 643 1241 dicendum,
665 1199 775 1245 quod,
796 1199 889 1233 sicut
910 1210 1016 1245 supra
1034 1199 1171 1234 dictum
1191 1207 1244 1234 cst
1256 1197 1306 1245 (q.
1322 1211 1390 1234 110.
1406 1204 1469 1233 art.
1485 1198 1548 1244 2.),
1564 1198 1679 1244 gratia

114 1252 289 1301 dupliciter
309 1260 428 1300 potest
448 1251 617 1298 intelligi:
645 1265 709 1286 uno
738 1252 832 1287 modo
861 1252 1023 1287 divinum
1053 1252 1238 1294 auxilium,
1260 1252 1357 1299 quod
1386 1263 1452 1287 nos
1481 1260 1606 1286 movet
1635 1251 1678 1286 ad

114 1306 207 1342 bene
228 1305 441 1348 volendum,
462 1313 496 1340 ct
515 1305 713 1352 agendum:
741 1306 807 1340 alio
830 1305 924 1340 modo
946 1305 1128 1340 habituale
1150 1306 1288 1340 donum
1310 1306 1414 1340 nobis
1436 1306 1604 1340 divinitus
1631 1305 1680 1340 in-

114 1359 242 1395 ditum.
264 1359 428 1406 Utroque
451 1366 572 1394 autem
595 1359 707 1393 modo
729 1360 843 1403 gratia
865 1359 960 1393 dicta
982 1359 1240 1394 convenienter
1261 1360 1430 1394 dividitur
1447 1371 1510 1407 per
1531 1371 1680 1407 operan-

114 1420 201 1455 tem,
222 1420 258 1448 et
278 1420 550 1460 cooperantem.
574 1412 752 1459 Operatio
771 1412 868 1447 enim
888 1412 1040 1458 alicujus
1058 1412 1207 1448 effectus
1225 1425 1299 1447 non
1318 1413 1521 1448 attribuitur
1539 1413 1678 1455 mobili,

117 1466 180 1503 sed
202 1465 384 1508 moventi3
406 1467 443 1501 in
463 1465 528 1500 illo
550 1476 638 1512 ergo
660 1465 802 1507 effectu,
825 1466 859 1500 in
882 1477 954 1512 quo
977 1477 1080 1501 mens
1103 1475 1225 1501 nostra
1248 1475 1301 1501 cst
1319 1475 1431 1509 mota,
1453 1476 1487 1501 et
1508 1478 1580 1501 non
1605 1478 1679 1501 mo-

119 1530 224 1555 vens:
238 1517 338 1554 solus
359 1526 481 1554 autern
503 1519 603 1554 Deus
625 1530 791 1561 movenS,
813 1519 977 1566 operatio
999 1519 1080 1554 Deo
1103 1520 1321 1555 attribuitur:
1337 1529 1371 1554 et
1388 1521 1587 1554 secundum
1606 1520 1677 1554 hoc

119 1573 249 1609 dicitur
265 1573 377 1620 gratia
397 1578 557 1620 operans:
578 1571 615 1607 in
637 1572 700 1607 illo
723 1581 846 1608 autem
865 1572 1008 1615 effectu,
1032 1573 1066 1607 in
1085 1585 1158 1620 quo
1177 1585 1280 1608 mens
1298 1583 1419 1608 nostra
1439 1581 1474 1608 et
1495 1583 1630 1615 movet,
1645 1582 1679 1608 et

117 1634 297 1670 movetur,
318 1626 483 1674 operatio
503 1637 578 1661 non
601 1625 722 1661 solum
745 1626 947 1661 attribuitur
968 1627 1062 1669 Deo,
1083 1628 1144 1661 sed
1167 1629 1277 1662 etiam
1299 1627 1461 1662 animae:
1493 1636 1528 1662 et
1555 1639 1680 1662 secun-

115 1678 203 1716 dum
222 1680 296 1716 hoc
322 1680 453 1715 dicitur
477 1681 590 1726 gratia
617 1686 812 1727 cooperans:
845 1688 898 1715 est
926 1688 1046 1715 autem
1076 1681 1110 1714 in
1139 1681 1243 1715 nobis
1264 1681 1382 1728 duplex
1412 1689 1529 1716 actus:
1547 1682 1681 1729 primus

115 1733 262 1782 quidem
287 1733 439 1769 interior
458 1731 673 1768 voluntatis:
696 1741 730 1768 et
752 1741 927 1780 quantum
955 1734 998 1768 ad
1026 1733 1134 1768 istum
1165 1743 1286 1769 actum
1308 1734 1476 1769 voluntas
1506 1746 1544 1769 se
1571 1734 1680 1769 habet

115 1795 156 1824 ut
173 1794 288 1831 mota,
306 1787 408 1822 Deus
429 1795 551 1822 autem
573 1795 611 1821 ut
632 1797 797 1829 movens,
819 1795 853 1821 et
875 1787 1085 1833 pracsertim
1109 1798 1192 1822 cum
1213 1788 1382 1823 voluntas
1400 1788 1525 1835 incipit
1542 1788 1679 1823 bonum

114 1839 222 1885 velle,
241 1851 335 1888 quae
355 1840 454 1888 prius
475 1839 614 1875 malum
636 1840 800 1883 volebat;
823 1848 857 1875 et
879 1840 973 1883 ideo,
995 1841 1196 1875 secundum
1218 1841 1314 1888 quod
1343 1841 1442 1876 Deus
1470 1849 1594 1876 movet
1618 1841 1682 1876 hu-

115 1904 265 1931 manam
286 1901 448 1930 mentem
470 1894 515 1929 ad
536 1894 634 1928 hunc
656 1902 790 1937 actum,
812 1894 942 1928 dicitur
958 1895 1068 1941 gratia
1090 1901 1249 1942 operans:
1272 1896 1357 1930 alius
1372 1904 1492 1930 autem
1509 1903 1608 1930 actus
1627 1903 1681 1930 est

113 1947 282 1992 exterior,
302 1947 364 1995 qui
381 1958 465 1982 cum
487 1958 507 1982 a
527 1947 715 1982 voluntate
736 1947 944 1994 imperetur,
967 1956 1004 1982 ut
1026 1959 1132 1995 supra
1151 1949 1314 1983 habitum
1337 1958 1390 1984 est
1409 1949 1455 1995 (q.
1470 1954 1596 1995 17.‹1rt.
1612 1951 1674 1995 9.),

113 2011 341 2049 consequens
361 2008 426 2044 est,
446 2000 544 2048 quod
566 2000 609 2035 ad
631 2000 728 2036 hunc
751 2009 873 2035 actum
895 2001 1058 2048 operatio
1087 2002 1299 2037 attribuatur
1320 2002 1516 2037 voluntati:
1540 2011 1574 2037 et
1595 2003 1679 2050 quia

113 2054 225 2091 etiam
244 2054 290 2090 ad
309 2053 407 2091 hunc
430 2062 551 2090 actum
566 2054 665 2089 Deus
684 2065 750 2089 nos
773 2054 928 2100 adjuvat,
947 2063 982 2090 et
999 2055 1148 2090 interius
1164 2056 1416 2091 confirmando
1437 2056 1678 2100 voluntatem,

114 2117 154 2145 ut
173 2108 219 2144 ad
240 2116 363 2144 actum
383 2108 581 2156 perveniat,
603 2116 637 2143 et
659 2108 813 2143 exterius
836 2107 1043 2150 facultatem
1073 2110 1246 2156 operandi
1275 2110 1493 2156 praebendO,
1515 2120 1678 2158 respectu

114 2161 325 2209 hujusmodi
342 2169 445 2197 actus
465 2161 594 2197 dicitur
612 2163 723 2207 gratia
745 2169 942 2209 coepe-mnu
971 2163 1064 2198 unde
1092 2172 1174 2210 post
1200 2164 1396 2210 praemissa
1423 2164 1531 2199 verba
1559 2165 1677 2199 subdit

115 2214 212 2263 Aug.
226 2213 355 2261 abitt).-
379 2215 424 2251 Ut
435 2219 543 2250 autem
557 2215 708 2257 velimus,
722 2221 898 2262 operatum
914 2228 986 2251 cum
1002 2221 1110 2251 autem
1124 2217 1289 2260 volumus,
1305 2223 1339 2252 ul
1347 2218 1573 2264 perficiamus,
1589 2220 1680 2253 uoltis

114 2272 331 2317 cooperatur:
349 2267 400 2303 sic
421 2267 531 2314 igitur
547 2267 578 2303 si
595 2268 708 2314 gratia
724 2268 920 2315 accipiatur
939 2281 1004 2316 pro
1023 2270 1176 2316 gratuita
1191 2271 1259 2305 Dei
1275 2271 1451 2313 motione,
1466 2282 1536 2318 qua
1555 2281 1679 2307 movet

115 2332 183 2359 nos
203 2321 249 2358 ad
268 2321 406 2358 bonum
425 2321 664 2364 meritorium,
685 2322 946 2357 convenienter
973 2323 1142 2359 dividitur
1164 2325 1277 2369 gratia
1308 2336 1370 2372 per
1398 2333 1622 2372 operantem,
1645 2334 1678 2360 et

115 2384 392 2424 cooperantem:
407 2375 436 2411 si
451 2387 538 2411 vero
552 2375 748 2423 accipiatur
762 2376 875 2421 gratia
891 2388 955 2423 pro
970 2377 1143 2412 habituali
1158 2378 1326 2420 d0n0‚sic
1343 2387 1396 2414 cst
1409 2379 1528 2426 duplex
1543 2379 1678 2425 gratiae

115 2427 277 2473 effectus,
297 2428 390 2466 sicut
411 2437 447 2465 et
467 2428 656 2475 cujuslibet
674 2428 818 2464 alterius
841 2429 997 2466 formae:
1021 2443 1176 2478 quorum
1196 2434 1327 2479 primns
1346 2440 1399 2467 est
1420 2444 1510 2474 esse,
1525 2432 1680 2467 sccundus

115 2490 170 2520 est
187 2482 370 2531 operatio;
391 2482 484 2518 sicut
505 2481 636 2517 caloris
658 2483 821 2530 operatio
843 2492 897 2518 est
918 2483 1035 2520 facere
1055 2485 1226 2528 calidum,
1245 2495 1279 2520 et
1298 2486 1454 2521 exterior
1472 2485 1679 2529 calefactio;

113 2536 165 2574 sic
185 2535 294 2585 igitur
313 2535 507 2572 habitualis
528 2536 655 2582 gratia,
677 2536 890 2583 inquantum
913 2537 1073 2573 animam
1096 2547 1209 2580 sanat,
1231 2538 1288 2573 vel
1310 2539 1489 2585 justificat,
1509 2541 1584 2574 sive
1603 2551 1680 2586 gra-

94 2588 206 2629 'fiam
223 2589 306 2626 Deo
327 2588 425 2633 facit,
445 2589 576 2625 dicitur
594 2591 705 2635 gralia
726 2597 883 2637 operans:
902 2591 1114 2638 inquantum
1138 2603 1224 2627 vero
1247 2601 1299 2628 est
1321 2593 1538 2640 principium
1560 2593 1679 2640 operis

116 2642 306 2687 meritorii,
326 2642 424 2691 quod
445 2654 487 2678 ex
510 2642 624 2678 libero
645 2642 791 2678 arbitrio
813 2644 988 2691 procedit,
1010 2646 1139 2680 dicitur
1160 2652 1345 2693 cooperans.

186 2696 250 2734 An
269 2706 418 2734 Plutum
445 2707 533 2743 ergo
555 2696 762 2738 dicendum,
792 2698 888 2744 quod
918 2699 1117 2734 secundum
1146 2700 1241 2746 quod
1275 2699 1388 2745 gratia
1419 2708 1471 2735 est
1498 2700 1676 2746 quaedam

116 2748 271 2799 qualitas
291 2749 537 2798 accidentalis,
558 2761 632 2785 non
655 2750 728 2794 agit
750 2750 785 2785 in
808 2751 967 2786 animam
991 2751 1167 2795 effective,
1189 2753 1252 2788 sed
1275 2752 1492 2788 formaliter:
1513 2754 1605 2788 sicut
1631 2753 1678 2788 al·

116 2803 139 2840 b
232 2802 361 2840 dir-inu·
381 2800 500 2839 facere
524 2803 644 2838 albam
667 2803 904 2851 superficiem.

274 2866 481 2894 SECUNDUM
508 2857 715 2899 dicendum,
736 2858 832 2904 quod
855 2858 955 2893 Deus
976 2870 1048 2894 non
1068 2859 1143 2895 sine
1166 2860 1269 2894 nobis
1291 2871 1357 2894 nos
1384 2860 1567 2905 justificat:
1594 2861 1678 2908 quia

116 2916 344 2960 per-nomm
364 2909 466 2947 liberi
487 2910 635 2954 arbitrii,
667 2910 754 2946 dum
784 2911 1030 2957 justificamur,
1052 2913 1121 2948 Dei
1142 2913 1296 2958 justitiae
1323 2914 1589 2951 consentimus:
1617 2913 1677 2952 ille
