1907 3198
0 140 4 206 l
467 167 693 204 QUAESTIO
727 167 878 197 XLVIII.
911 165 1161 196 ARTICULUS
1194 165 1251 195 IV.
1574 167 1657 209 341

70 250 236 312 procedit
257 261 371 298 usque
393 250 437 284 ad
459 249 737 297 impediendum
759 257 904 284 motum
926 248 1086 295 linguae,
1101 257 1136 283 et
1151 248 1309 283 aliorum
1331 249 1585 284 membrorum
1608 260 1664 284 ex-

70 305 262 341 teriorum.

141 359 188 394 Et
207 370 272 406 per
291 359 365 393 hoc
387 358 499 393 etiam
522 366 621 404 patet
638 357 775 392 solutio
797 367 848 392 AD
875 367 1096 392 seccxncu.

142 413 204 448 AD
223 423 398 449 TERTIUM
419 412 628 454 dicendum,
644 412 742 459 quod
765 412 987 459 perturbatio
1003 411 1124 446 cordis
1146 411 1368 458 quandoque
1383 418 1504 458 potest
1520 421 1665 458 supera-

69 467 233 503 bundare
262 478 377 528 usque
416 466 460 500 ad
488 466 574 508 hoc,
608 466 707 512 quod
735 477 800 512 per
829 465 1078 500 inordinatum
1118 473 1263 499 motum
1290 465 1411 499 cordis
1443 465 1665 512 impediatur

72 530 195 557 motus
216 521 438 556 exteriorum
460 520 732 555 membrorum:
757 528 792 554 et
809 528 895 554 tunc
919 527 1089 554 causatur
1105 519 1346 561 taciturnitas,
1368 527 1404 553 et
1425 518 1664 553 immobilitas

72 575 294 611 exteriorum
315 574 581 616 membrorum,
602 582 637 608 et
651 574 872 621 quandoque
887 574 998 608 etiam
1021 584 1140 608 mors:
1157 573 1187 608 si
1208 582 1331 607 autem
1345 584 1421 607 non
1443 572 1551 607 fuerit
1564 581 1664 607 tanta

72 628 308 677 perturbatio,
330 637 418 663 tunc
440 639 483 663 ex
511 628 844 675 superabundantia
873 627 1154 675 perturbationis
1182 627 1302 662 cordis
1337 627 1499 674 sequitur
1521 627 1594 662 oris
1615 626 1667 661 lo-

72 682 184 718 cutio.

117 1063 182 1096 DE
209 1061 470 1095 HABITIBUS
497 1062 549 1094 IN
577 1061 838 1100 GENERALI,
869 1059 1038 1101 QUOAD
1064 1060 1235 1092 EORUM
1262 1059 1614 1100 SUBSTANTIAM,

0 351 3 389 Ι

0 483 4 533 ι

0 893 12 1176 Ι
577 936 939 998 QUAESTIO
981 935 1167 983 XLIX.

0 1181 7 1233 ᾗ
469 1133 523 1165 IN
549 1133 782 1174 QUATUOR
808 1131 1075 1165 ARTICULOS
1101 1132 1279 1165 DIVISA.

0 1242 7 1295 r

146 1277 238 1312 Post
257 1284 372 1319 actus,
402 1284 438 1311 et
470 1275 660 1323 passiones
693 1274 1003 1310 considerandum
1038 1282 1094 1309 est
1126 1274 1170 1308 de
1193 1273 1381 1321 principiis
1415 1274 1667 1309 humanorum

75 1338 236 1367 actuum.
263 1330 309 1365 Et
322 1331 441 1378 primo
463 1329 508 1364 de
529 1329 716 1376 principiis
742 1328 966 1363 intrinsecis:
993 1327 1132 1363 secundo
1159 1328 1203 1362 de
1230 1328 1417 1375 principiis
1444 1328 1666 1363 extrinsecis.

73 1385 303 1432 Principium
324 1391 448 1419 autem
469 1383 708 1418 intrinsecum
727 1391 782 1417 est
802 1382 967 1429 potentia
990 1391 1026 1417 et
1046 1382 1208 1417 habitus:
1232 1383 1295 1417 sed
1317 1382 1403 1429 quia
1425 1383 1469 1417 de
1492 1382 1667 1429 potentiis

72 1439 112 1474 in
132 1439 252 1486 prima
271 1445 374 1486 parte
399 1437 539 1472 dictum
563 1445 617 1472 est
636 1438 683 1484 (q.
711 1449 763 1484 77.
763 1437 796 1482 )‚
819 1448 916 1470 nunc
939 1445 1051 1471 restat
1072 1436 1117 1471 de
1138 1436 1322 1471 habitibus
1344 1436 1667 1471 considerandum.

73 1492 120 1528 Et
129 1493 252 1540 Primo
271 1491 423 1539 quidem
443 1491 481 1526 in
503 1491 685 1538 generali:
706 1491 847 1526 secundo
868 1502 957 1525 vero
997 1491 1041 1526 de
1061 1491 1268 1533 virtutibus,
1303 1499 1338 1525 et
1359 1491 1468 1534 vitiis,
1491 1499 1526 1526 et
1547 1491 1670 1537 hujus-

73 1546 180 1582 modi
198 1545 279 1581 aliis
296 1546 492 1589 habitibus,
510 1546 572 1593 qui
593 1554 678 1581 sunt
698 1546 948 1580 humanorum
972 1555 1120 1581 actuum
1143 1546 1334 1593 principia.
1354 1545 1465 1580 Circa
1487 1546 1587 1593 ipsos
1610 1557 1670 1580 au-

72 1609 151 1636 tem
169 1600 316 1636 habitus
345 1600 383 1635 in
416 1599 579 1648 generali
605 1605 753 1647 quatuor
774 1600 1042 1634 consideranda
1077 1608 1182 1635 sunt:
1200 1602 1317 1648 primo
1349 1600 1499 1647 quidem
1522 1600 1566 1635 de
1588 1600 1669 1646 ipsa

73 1654 276 1690 substantia
294 1654 506 1690 habituum:
533 1654 673 1690 secundo
695 1654 740 1689 de
765 1655 931 1700 subjecto
959 1665 1108 1689 eorum:
1137 1656 1232 1690 tertio
1260 1654 1305 1689 de
1332 1666 1442 1689 causa
1466 1654 1670 1701 generatio-

73 1708 131 1745 nis
151 1709 354 1756 augmenti,
375 1716 412 1744 et
432 1709 679 1756 corruptionis
699 1708 886 1755 ipsorum:
909 1713 1030 1755 quarto
1049 1709 1093 1743 de
1121 1708 1356 1743 distinctione
1378 1709 1555 1756 ipsorum.

530 1799 635 1835 Circa
652 1801 809 1847 primum
831 1805 1043 1846 quaeruntur
1064 1806 1222 1847 quatuor.

146 1871 287 1906 Primo.
308 1871 444 1906 Utrum
460 1871 606 1907 habitus
627 1871 674 1906 sit
694 1871 863 1918 qualitas.

147 1924 333 1961 Secundo.
355 1925 491 1960 Utrum
511 1926 558 1960 sit
578 1925 821 1960 determinata
842 1926 982 1973 species
1004 1925 1200 1973 qualitatis.

147 1978 289 2014 Tertio.
317 1979 451 2014 Utrum
472 1980 618 2015 habitus
639 1981 815 2027 importet
837 1980 1006 2015 ordinem
1029 1980 1073 2015 ad
1096 1989 1231 2016 actum.

147 2031 305 2076 Quarto.
330 2033 390 2069 De
410 2034 628 2069 necessitate
649 2034 807 2069 habitus.

657 2177 1010 2223 ARTICULUS
1039 2179 1074 2222 Ι.
1597 2191 1667 2239 267

495 2287 652 2318 UTRUM
686 2287 878 2318 HAmrus
906 2287 975 2318 SIT
1003 2288 1242 2324 QUALITAS.

284 2376 331 2422 (1.
353 2376 446 2414 Dist.
463 2389 493 2425 3.
515 2389 546 2424 q.
563 2389 594 2424 5.
617 2376 660 2412 ad
677 2388 705 2424 5.
729 2381 758 2412 et
778 2389 810 2412 2.
832 2377 920 2412 Dist.
944 2389 997 2413 22.
1020 2390 1050 2425 q.
1073 2391 1101 2414 1.
1124 2384 1189 2414 a'rt.
1212 2392 1240 2415 ι.
1263 2384 1292 2414 et
1312 2391 1345 2414 2.
1368 2386 1461 2428 corp.

590 2435 619 2466 et
646 2431 733 2466 Veri.
756 2443 787 2478 q.
809 2443 866 2467 20.
888 2437 954 2467 art.
977 2443 1006 2467 2.
1027 2432 1150 2480 corp).

147 2516 210 2552 AD
230 2527 383 2553 PRIMUM
407 2517 460 2553 sic
482 2517 704 2565 proceditur.
726 2517 891 2562 Videtur,
915 2519 1013 2566 quod
1035 2520 1181 2555 habitus
1202 2531 1278 2555 non
1301 2521 1346 2556 sit
1367 2521 1546 2568 qualitas:
1582 2522 1670 2557 dicit

76 2570 177 2607 enim
200 2571 396 2618 Augustin.
418 2571 457 2606 in
477 2571 538 2606 lib.
561 2572 618 2619 83.
643 2571 735 2614 QQ.
757 2573 806 2619 (q.
829 2574 908 2620 73.)‚
931 2574 1030 2620 quod
1052 2574 1125 2609 hoc
1148 2586 1287 2610 nomen
1306 2576 1437 2611 habitus
1456 2576 1595 2611 dictum
1615 2585 1670 2612 est

55 2671 57 2676 ,
77 2624 122 2661 ab
140 2625 215 2660 hoc
235 2625 363 2668 verbo,
383 2625 523 2662 haben:
545 2626 608 2661 sed
629 2626 765 2661 habere
787 2637 863 2662 non
895 2627 1018 2662 solum
1053 2629 1210 2676 pertinet
1231 2629 1275 2664 ad
1298 2629 1525 2676 qualitatem,
1547 2630 1610 2664 sed
1633 2639 1669 2666 et

75 2677 123 2714 ad
143 2677 216 2714 alia
235 2689 383 2726 genera:
404 2679 563 2715 dicimur
583 2680 682 2715 enirn
703 2680 839 2716 habere
860 2682 1113 2728 quantitatem,
1129 2691 1164 2717 et
1179 2684 1387 2730 pecuniam,
1407 2692 1442 2719 et
1461 2683 1531 2718 alia
1549 2684 1673 2730 hujus-

76 2732 196 2769 modi·
217 2743 307 2781 ergo
328 2733 474 2769 habitus
494 2745 570 2768 non
593 2742 648 2769 est
668 2734 836 2782 qualitas.

67 2831 70 2837 Ι
149 2796 182 2822 2.
208 2786 450 2823 Putrem.
483 2787 640 2823 Habitus
674 2789 822 2835 ponitur
842 2801 959 2825 unum
992 2791 1346 2838 praedicamentum,
1369 2801 1407 2827 ut
1429 2800 1527 2839 patet
1549 2793 1584 2827 in
1608 2792 1668 2828 lib.

75 2836 306 2877 Praedicam.
323 2842 418 2890 (cap.
429 2841 599 2887 Habere}-
612 2842 677 2877 sed
692 2854 805 2877 unum
820 2844 1160 2891 praedicamentum
1176 2857 1250 2881 non
1265 2847 1475 2882 continetur
1490 2847 1555 2882 sub
1576 2846 1670 2891 alio;

73 2943 77 2945 4
118 2905 168 2942 go
188 2895 335 2931 habitus
355 2907 431 2931 non
453 2904 508 2931 est
528 2895 695 2944 qualitas.

224 2978 254 3007 S.
274 2979 400 3007 Τεωυε
420 2979 527 3007 Summa
554 2979 718 3017 Theologica.
741 2981 807 3007 Vol.
831 2981 869 3008 ΙΙ.
1490 2993 1521 3019 ²3
