1907 3198
0 0 26 184 M*

10 1352 23 1389 0³-
10 1239 27 1343 σίν-’.Ὺ
12 1153 30 1221 ’Β
10 1103 34 1144 q-
16 1054 28 1090 -ς
11 862 35 1044 “e-ipffoe-—s
11 545 37 852 γυρῳτἭ
30 583 33 587 ,
12 445 35 542 ‘W
12 287 28 431 ἦΞΤῖ-Ψι
10 212 18 249 ’””··

466 165 692 201 QUAESTIO
726 164 865 195 XXXII.
898 163 1148 194 ARTICULUS
1180 163 1273 192 VIII.
1581 163 1664 206 251

40 278 48 282 .
76 261 119 284 ex
148 260 211 296 spe
243 256 297 284 est
325 247 557 283 delectabile:
589 256 643 282 est
672 255 796 281 autem
826 245 1020 280 admiratio
1051 244 1272 279 desiderium
1295 244 1483 291 quoddam
1511 244 1667 279 sciendi:

76 303 174 351 quod
192 303 231 337 in
251 303 405 337 homine
428 301 609 348 contingit
631 313 674 336 ex
701 301 773 335 hoc
804 300 902 347 quod
933 299 1032 334 videt
1063 298 1249 341 effectum,
1280 307 1315 333 et
1335 299 1482 345 ignorat
1505 310 1668 340 causam,

75 356 134 392 vel
155 368 199 392 ex
219 356 293 391 hoc
316 355 414 403 quod
443 367 575 390 causae
605 353 868 390 talis-effectus
896 353 1040 389 excedit
1069 352 1336 399 cognitionem,
1365 360 1426 387 aut
1453 351 1669 386 facultatem

75 411 205 459 ipsius3
223 416 253 446 et
266 411 337 446 ideo
352 409 534 445 admiratio
552 415 597 445 est
611 421 711 444 causa
722 408 960 451 delectationis,
978 407 1198 454 inquantum
1212 406 1324 440 habet
1338 406 1548 452 adjunctam
1565 416 1667 452 spem

76 464 327 512 consequendi
348 464 602 511 cognitionem
630 465 719 510 ejus,
742 463 839 510 quod
866 462 958 497 scire
986 461 1178 496 desiderat.
1201 461 1246 495 Et
1266 468 1415 508 propter
1440 460 1513 494 hoc
1542 460 1668 494 onmia

75 518 303 554 admirabilia
318 527 401 554 sunt
415 518 658 560 delectabilia,
674 518 768 552 sicut
782 528 875 564 quae
898 524 982 551 sunt
997 527 1089 558 rara,
1109 524 1144 550 et
1158 526 1289 550 omnes
1311 514 1668 562 repraesentationes

74 585 210 618 rerum,
233 573 346 608 etiam
368 584 461 619 quae
483 572 521 606 in
543 583 580 607 se
602 583 678 607 non
700 580 784 606 sunt
806 570 1056 606 delectabiles:
1080 570 1215 616 gaudet
1236 569 1335 603 enim
1358 569 1481 603 anima
1499 569 1535 602 in
1559 568 1669 603 colla-

73 627 176 662 tione
198 627 306 662 unius
329 626 374 661 ad
397 625 573 669 alterum;
601 627 685 673 quia
707 624 875 660 conferre
897 636 1012 659 unum
1035 624 1139 659 alteri
1161 632 1216 659 est
1235 623 1415 670 proprius,
1438 631 1474 658 et
1495 631 1670 657 connatu-

73 680 161 717 ralis
183 689 286 716 actus
307 681 471 723 rationis,
494 689 533 715 ut
558 679 697 715 Philos.
720 680 809 714 dicit
828 679 865 714 in
887 690 952 714 sua
973 678 1126 713 Poetica
1150 678 1238 725 (cap.
1259 678 1333 723 4.):
1356 685 1392 712 et
1417 686 1566 724 propter
1592 677 1666 712 hoc

74 735 188 771 etiam
208 735 356 770 liberari
374 746 394 770 a
415 735 560 782 magnis
575 734 746 782 periculis
765 734 883 781 magis
899 742 952 768 est
967 732 1194 775 delectabile,
1210 732 1295 779 quia
1311 740 1366 767 est
1381 731 1606 774 admirabile,
1629 740 1669 766 ut

74 790 208 825 dicitur
227 790 265 824 in
288 801 317 824 1.
336 789 488 824 Rhetor.
511 790 602 836 (cap.
622 789 699 834 11.)-

146 844 209 880 ΑΙ)
223 853 376 880 PRIMUM
390 855 480 890 ergo
494 843 704 886 dicendum,
716 843 815 890 quod
832 842 1026 877 admiratio
1041 853 1117 876 non
1132 849 1187 876 est
1201 840 1439 883 delectabilis,
1449 840 1667 887 inquantum

73 899 186 934 habet
206 898 469 945 ignorantiam,
491 898 555 933 sed
575 897 795 944 inquantum
821 897 934 931 habet
954 896 1176 931 desiderium
1204 895 1415 930 addiscendi
1438 905 1606 937 causam3
1635 902 1669 928 et

73 953 293 1000 inquantum
315 952 502 987 admirans
529 951 665 998 aliquid
686 963 828 986 novum
851 951 1017 994 addiscit,
1044 949 1185 985 scilicet
1210 948 1324 985 talem
1352 960 1443 992 esse,
1470 959 1582 996 quem
1606 947 1668 994 [al.

71 1007 171 1043 talem
191 1018 265 1050 esse,
286 1006 434 1054 qualem]
453 1017 530 1041 non
552 1006 779 1041 aestimabat.

146 1061 209 1097 AD
236 1071 448 1096 SECUNDUM
466 1060 677 1103 dicendum,
704 1060 803 1107 quod
827 1059 1023 1096 delectatio
1045 1059 1109 1094 duo
1131 1059 1261 1102 habet3
1288 1057 1444 1093 scilicet:
1463 1059 1605 1105 quietam
1632 1056 1668 1090 in

73 1115 186 1158 bono,
208 1122 244 1150 et
263 1114 479 1161 hujusmodi
499 1114 630 1161 quietis
645 1116 904 1162 perceptionem.
929 1114 1122 1155 Quantum
1141 1114 1253 1160 igitur
1271 1113 1315 1147 ad
1329 1114 1499 1160 primum,
1524 1123 1609 1146 cum
1624 1110 1669 1145 sit

73 1169 270 1217 perfectius
292 1168 539 1216 contemplari
558 1169 753 1204 veritatem
768 1169 970 1215 cognitam,
985 1179 1096 1215 quam
1112 1168 1295 1214 inquirere
1309 1167 1490 1213 ignotam,
1507 1174 1669 1200 contem-

71 1222 254 1272 plationes
275 1234 398 1258 rerum
420 1223 596 1258 scitarum
617 1235 682 1270 per
703 1234 741 1258 se
763 1222 951 1269 loquendo
975 1231 1058 1257 sunt
1079 1222 1198 1268 magis
1221 1220 1468 1263 delectabiles,
1488 1232 1600 1267 quam
1618 1220 1669 1254 in-

72 1278 289 1326 quisitiones
317 1289 443 1314 rerum
474 1278 706 1324 ignotarum:
728 1286 863 1324 ⁸tamen
890 1289 955 1324 per
983 1277 1166 1319 accidens,
1197 1284 1378 1323 quantum
1405 1276 1450 1310 ad
1476 1274 1667 1317 saczcndmn,

74 1333 256 1380 contingit
276 1332 376 1380 quod
397 1332 654 1379 inquisitiones
681 1339 765 1367 sunt
785 1332 1007 1379 quandoque
1024 1330 1330 1373 delectabiliores,
1346 1329 1549 1365 secundum
1570 1328 1668 1376 quod

72 1398 116 1422 ex
136 1387 271 1433 majori
291 1386 474 1422 desiderio
495 1386 720 1433 procedunt:
745 1386 967 1421 desiderium
990 1394 1115 1420 autem
1136 1386 1256 1432 majus
1279 1385 1457 1420 excitatur
1479 1395 1522 1418 ex
1548 1394 1671 1430 perce-

12 1443 29 1486 ζ,
72 1441 199 1489 ptione
220 1441 472 1488 ignorantiae3
494 1441 591 1476 unde
613 1441 774 1476 maxime
793 1441 910 1476 homo
934 1440 1137 1475 delectatur
1157 1440 1195 1474 in
1216 1440 1286 1482 his,
1309 1450 1402 1486 quae
1426 1439 1471 1473 de
1493 1449 1592 1473 novo
1619 1438 1669 1472 in·

12 1521 20 1531 .,
71 1495 174 1531 venit
190 1504 253 1531 aut
275 1495 440 1531 addiscit.

141 1549 203 1585 An
225 1560 401 1586 TERTIUM
421 1549 631 1593 dicendum,
649 1550 748 1597 quod
770 1561 814 1584 ea
835 1561 929 1596 quae
950 1557 1035 1584 sunt
1055 1557 1244 1591 consueta,
1263 1557 1347 1583 sunt
1364 1546 1596 1583 delectabilia
1618 1547 1663 1581 ad

70 1604 313 1652 operandum,
334 1604 668 1651 inquantum·sunt
694 1604 799 1651 quasi
828 1603 1104 1638 connaturalia:
1134 1603 1197 1638 sed
1225 1611 1351 1638 tamen
1377 1613 1432 1644 ea,
1460 1612 1554 1648 quae
1585 1609 1669 1635 sunt

71 1669 163 1701 rara,
177 1666 332 1705 possunt
345 1669 424 1694 esse
439 1658 691 1701 delectabilia3
712 1658 766 1693 vel
787 1658 929 1693 ratione
945 1657 1180 1704 cognitionis,
1195 1657 1280 1704 quia
1295 1656 1522 1691 desideratur
1537 1667 1667 1690 eorum

10 1731 11 1735 =
69 1711 235 1756 scientia,
257 1712 476 1760 inquantum
490 1720 574 1747 sunt
587 1712 700 1755 mira3
718 1712 772 1747 val
784 1713 927 1747 ratione
942 1712 1179 1758 operationis,
1194 1711 1279 1758 quia
1294 1722 1337 1745 ex
1352 1710 1533 1745 desiderio
1549 1709 1668 1755 magis

71 1765 268 1802 inclinatur
284 1777 390 1802 mens
405 1767 449 1802 ad
463 1767 536 1801 hoc
555 1766 654 1814 quod
673 1767 814 1801 intense
830 1767 866 1801 in
880 1766 1044 1801 novitate
1061 1774 1245 1813 operetur,
1260 1774 1299 1800 ut
1315 1765 1444 1800 dicitur
1460 1765 1496 1798 in
1516 1775 1569 1799 Io.
1584 1763 1665 1798 Eth.

10 2323 31 2503 rafaim
10 2263 24 2311 aar.
11 2236 15 2245 -

10 2511 27 2554 :2-

0 2564 25 2655 :nu-⁷3³

19 2964 22 2971 ,
16 2853 38 2937 .'·'¹.'
12 2766 29 2836 m
0 2679 36 2741 ies

72 1821 162 1869 (cap.
176 1832 210 1867 4.
224 1833 296 1858 ver.
310 1821 416 1869 fin.):
438 1820 636 1869 perfectior
653 1821 754 1856 enim
773 1821 938 1868 operatio
958 1829 1086 1856 causat
1102 1820 1362 1867 perfectiorem
1377 1819 1665 1854 dilectationem.

546 2114 930 2189 QUAESTIO‘
952 2128 1193 2176 XXXIII.

348 2253 426 2285 DE
463 2253 842 2286 EFFECTIBUS
880 2254 1381 2294 DELECTATIONIS,

463 2325 516 2357 IN
543 2323 776 2364 QUATL'OR
801 2325 1069 2359 ARTICULOS
1096 2327 1275 2359 DIVISA.

143 2465 290 2502 Deinde
311 2466 623 2502 considerandum
645 2475 700 2502 est
720 2467 764 2502 de
787 2466 976 2503 effectibus
999 2467 1265 2504 delectationis.

547 2558 591 2592 Et
612 2559 704 2593 circa
726 2558 785 2593 hoc
806 2564 1015 2605 quaeruntur
1036 2565 1194 2606 quatuor.

142 2627 281 2662 Primo.
304 2627 438 2663 Utrum
461 2627 716 2664 delectationis
737 2629 783 2664 sit
804 2629 968 2664 dilatare.

145 2680 333 2717 Secundo.
354 2681 490 2716 Utrum
511 2681 708 2718 delectatio
731 2692 856 2718 causet
877 2683 934 2718 sui
955 2683 1065 2727 sitim,
1087 2683 1147 2719 vel
1169 2684 1404 2719 desiderium.

144 2733 286 2770 Tertio.
309 2735 446 2770 Utrum
466 2735 662 2771 delectatio
684 2737 862 2784 impediat
884 2749 991 2772 usum
1013 2738 1177 2774 rationis.

144 2787 302 2830 Quarto.
324 2789 460 2824 Utrum
483 2789 681 2825 delectatio
704 2790 869 2837 perficiat
891 2792 1162 2838 operationem.
