1907 3198
494 208 715 245 QUAESTIO
749 208 837 238 XIX.
871 207 1120 237 ARTICULUS
1153 206 1195 235 X.
1558 206 1631 248 171

58 292 164 338 tingit
197 299 319 326 autern
348 290 482 337 aliquid
510 303 530 326 a
555 291 696 326 ratione
723 290 947 325 considerari
986 289 1246 330 diversimode,
1274 289 1322 322 ita
1351 287 1448 335 quod
1477 288 1540 322 sub
1569 300 1640 322 una

57 346 197 380 ratione
220 353 273 380 est
292 345 443 388 bonum,
467 353 502 380 et
527 345 730 380 secundum
754 344 863 378 aliam
891 344 1072 378 rationem
1093 355 1168 378 non
1190 343 1342 385 bonum,
1363 350 1397 376 et
1423 342 1505 376 ideo
1529 342 1558 376 si
1580 353 1641 376 vo-

56 400 174 435 luntas
196 399 348 446 alicujus
361 399 448 434 velit
463 399 550 434 illud
566 411 656 442 esse,
680 399 883 434 secundum
898 398 996 445 quod
1015 398 1125 432 habet
1141 397 1323 431 rationem
1341 397 1441 438 boni,
1457 404 1510 430 est
1523 396 1639 438 bona3

56 461 91 489 et
109 453 279 488 voluntas
301 453 459 496 alterius,
487 454 516 488 si
537 453 624 488 velit
646 453 733 487 illud
760 453 858 487 idem
880 464 955 487 non
978 463 1068 494 esse,
1097 451 1300 486 secundum
1328 450 1426 497 quod
1448 450 1560 484 habet
1586 461 1638 483 ra-

54 508 194 543 tionem
216 507 315 550 mali,
339 508 404 542 erit
422 507 593 543 voluntas
609 508 719 542 etiam
741 508 855 541 bona:
880 507 972 541 sicut
990 506 1098 553 judex
1116 506 1227 540 habet
1241 505 1379 539 bonam
1398 503 1640 546 voluntatem,

55 562 142 597 dum
163 561 241 596 vult
262 562 489 596 occisionem
511 561 674 604 latronis,
702 562 785 608 quia
807 562 901 607 justa
923 568 996 596 est:
1023 559 1194 594 voluntas
1222 568 1345 594 autem
1368 558 1526 600 alterius,
1555 566 1641 605 puta

54 616 187 659 uxoris,
208 615 267 650 vel
287 615 363 658 filii,
379 616 440 662 qui
454 616 531 650 vult
552 627 627 650 non
650 616 769 650 occidi
790 615 922 662 ipsum,
946 615 1162 661 inquantum
1178 622 1232 648 est
1250 613 1452 648 secundum
1471 621 1640 646 naturam

54 669 152 704 mala
172 669 323 712 occisio,
351 677 404 704 est
429 670 540 704 etiam
561 671 669 704 bona.
705 669 803 704 Cum
827 677 949 703 autem
983 668 1155 703 voluntas
1183 675 1355 714 sequatur
1385 667 1642 714 apprehensio-

54 735 140 758 nem
167 724 328 766 rationis,
354 723 414 758 vel
440 724 657 766 intellectus,
686 723 888 758 secundum
923 723 1020 769 quod
1051 723 1143 756 ratio
1170 722 1258 756 boni
1286 721 1504 768 apprehensi
1535 720 1642 755 fuerit

55 778 302 821 communior,
325 778 527 812 secundum
560 779 632 812 hoc
657 786 691 812 et
711 777 882 812 voluntas
904 776 1016 811 fertur
1038 777 1073 811 in
1103 777 1243 810 bonum
1271 775 1524 810 communius:
1548 775 1641 809 sicut

54 840 153 879 patet
178 832 215 866 in
237 831 406 879 exemplo
428 833 630 879 proposito.
652 832 750 866 Nam
771 832 878 878 judex
899 831 1010 866 habet
1033 842 1159 865 curam
1181 830 1269 865 boni
1291 830 1514 871 communis,
1541 829 1638 876 quod

55 893 108 921 est
128 886 286 932 justitia3
309 894 344 920 et
364 886 448 920 ideo
471 886 548 920 vult
575 886 802 920 occisionem
825 885 988 928 latronis,
1010 896 1103 932 quae
1132 885 1243 919 habet
1265 885 1447 919 rationem
1468 884 1557 918 boni
1590 894 1642 918 se-

55 940 215 975 cundum
237 939 454 975 relationem
474 940 518 974 ad
537 948 672 975 statum
695 951 953 974 communem:
978 951 1069 974 uxor
1091 947 1214 974 autem
1233 938 1384 973 latronis
1408 938 1640 972 considerare

0 1014 3 1024 ι
54 994 164 1029 habet
180 994 320 1029 bonum
335 995 517 1042 privatum
531 993 714 1037 familiae3
731 1002 765 1029 et
779 994 982 1029 secundum
997 994 1069 1028 hoc
1089 993 1166 1028 vult
1181 993 1354 1028 maritum
1370 993 1551 1027 latronem
1567 1003 1642 1026 non

54 1049 185 1083 occidi.
208 1049 354 1083 Bonum
381 1056 503 1083 autem
526 1049 638 1084 totius
660 1049 820 1083 universi
842 1057 895 1083 est
916 1049 963 1091 id,
993 1048 1091 1095 quod
1120 1056 1173 1082 est
1205 1048 1475 1095 apprehensum
1500 1058 1519 1080 a
1546 1047 1641 1088 Deo,

53 1102 116 1150 qui
137 1110 191 1138 est
211 1103 370 1138 universi
391 1102 520 1146 factor,
543 1111 578 1138 et
599 1103 840 1149 gubernator;
869 1103 964 1137 unde
992 1103 1166 1149 quidquid
1193 1102 1281 1144 vult,
1309 1101 1387 1136 vult
1408 1101 1472 1136 sub
1501 1101 1642 1135 ratione

55 1156 142 1191 boni
164 1157 384 1200 communis,
407 1157 505 1204 quod
528 1165 582 1192 est
603 1169 667 1192 sua
689 1157 845 1200 bonitas,
868 1168 961 1204 quae
984 1165 1038 1191 est
1054 1157 1194 1191 bonum
1216 1157 1328 1191 totius
1350 1155 1520 1190 universi.

124 1211 382 1258 Apprehensio
405 1219 527 1246 autem
550 1219 737 1246 creaturae
760 1211 963 1246 secundum
983 1223 1088 1245 suam
1109 1219 1279 1246 naturam
1303 1218 1356 1245 est
1379 1210 1533 1256 alicujus
1554 1209 1642 1244 boni

52 1264 279 1313 particularis
300 1265 567 1312 proportionati
589 1277 676 1300 suae
697 1273 868 1300 naturae:
894 1266 1074 1312 contingit
1096 1274 1219 1300 autem
1243 1265 1378 1312 aliquid
1401 1275 1479 1299 esse
1501 1265 1641 1298 bonum

52 1319 254 1355 secundum
275 1320 457 1354 rationem
478 1319 750 1367 particularem,
777 1320 876 1366 quod
897 1331 973 1354 non
996 1327 1050 1354 est
1070 1319 1209 1354 bonum
1231 1319 1435 1354 secundum
1458 1319 1640 1353 rationem

51 1373 298 1409 universalem
314 1387 320 1409 :
337 1382 399 1408 aut
413 1386 432 1409 e
447 1385 640 1417 converso,
661 1382 701 1408 ut
721 1374 861 1408 dictum
877 1383 930 1408 est
946 1373 1014 1418 (hic
1030 1374 1172 1421 supra);
1190 1381 1225 1408 et
1238 1373 1322 1408 ideo
1338 1373 1529 1420 contingit,
1543 1372 1642 1419 quod

53 1427 173 1475 aliqua
193 1427 364 1463 voluntas
397 1436 451 1463 est
476 1428 572 1463 bona
605 1427 734 1463 volens
769 1427 905 1475 aliquid
936 1429 1140 1463 secundum
1167 1428 1350 1463 rationem
1380 1427 1642 1475 particularem

52 1481 336 1526 consideratum,
358 1482 456 1530 quod
477 1490 602 1517 tamen
624 1482 726 1517 Deus
744 1494 820 1517 non
841 1482 919 1517 vult
941 1483 1145 1518 secundum
1168 1483 1350 1518 rationem
1373 1482 1639 1525 universalem3

53 1544 115 1571 aut
136 1547 155 1571 θ
177 1547 377 1580 converso,
400 1545 435 1571 et
455 1536 539 1571 inde
567 1545 621 1571 est
647 1537 770 1580 etiam,
794 1537 892 1584 quod
920 1545 1074 1584 possunt
1100 1537 1264 1572 diversae
1291 1536 1500 1572 voluntates
1527 1537 1642 1571 diver-

52 1602 178 1626 sorum
199 1591 396 1626 hominum
418 1591 516 1626 circa
530 1591 699 1638 opposita
715 1603 793 1626 esse
809 1592 939 1634 bonae,
959 1600 1068 1638 prout
1083 1592 1147 1626 sub
1171 1592 1322 1626 diversis
1341 1591 1542 1626 rationibus
1564 1602 1641 1638 par-

51 1644 262 1680 ticularibus
283 1645 414 1680 volunt
434 1645 506 1680 hoc
531 1657 622 1689 esse,
643 1645 703 1680 vel
723 1657 799 1680 non
823 1656 912 1680 esse.
935 1646 1022 1680 Non
1045 1654 1099 1681 est
1120 1654 1245 1681 autem
1267 1654 1365 1680 recta
1387 1645 1558 1680 voluntas
1582 1645 1642 1679 ali-

53 1700 155 1746 cujus
175 1699 337 1734 hominis
358 1699 515 1735 volentis
531 1699 680 1747 aliquod
694 1700 834 1735 bonum
849 1700 1080 1747 particulare,
1101 1700 1171 1735 nisi
1186 1699 1317 1735 referat
1334 1699 1423 1735 illud
1442 1700 1478 1734 in
1500 1700 1639 1734 bonum

52 1764 264 1797 commune,
293 1754 386 1788 sicut
415 1754 453 1788 in
474 1753 606 1797 finem3
637 1766 723 1789 cum
754 1755 864 1789 etiam
891 1754 1066 1789 naturalis
1098 1755 1277 1802 appetitus
1309 1754 1500 1801 cujuslibet
1529 1754 1641 1801 partis

52 1808 240 1843 ordinetur
259 1808 297 1842 in
317 1808 456 1843 bonurn
480 1819 680 1843 commune
706 1809 836 1843 totius:
861 1820 903 1843 ex
925 1808 996 1843 fine
1023 1817 1146 1843 autem
1169 1809 1324 1844 sumitur
1351 1809 1453 1856 quasi
1475 1808 1640 1843 formalis

50 1862 143 1897 ratio
164 1861 315 1897 volendi
335 1862 436 1905 illud,
460 1863 557 1909 quod
581 1863 625 1897 ad
646 1862 759 1898 finem
775 1863 980 1898 ordinatur:
1002 1863 1098 1898 unde
1114 1863 1158 1898 ad
1180 1863 1253 1898 hoc
1277 1863 1374 1910 quod
1391 1863 1519 1910 aliquis
1542 1870 1641 1897 recta

50 1915 240 1952 voluntate
261 1916 349 1951 velit
365 1916 514 1963 aliquod
529 1917 746 1964 particulare
769 1917 908 1952 bonum
931 1925 1086 1964 oportet,
1110 1917 1208 1964 quod
1230 1917 1319 1952 illud
1341 1917 1560 1964 particulare
1582 1917 1644 1951 bo-

50 1983 139 2006 num
162 1971 207 2006 sit
227 1970 384 2005 volitum
411 1971 668 2014 materialiter3
691 1971 831 2006 bonum
854 1980 977 2006 autem
1005 1983 1205 2006 commune
1229 1972 1393 2006 divinum
1416 1972 1461 2006 sit
1481 1972 1639 2006 volitum

50 2025 264 2062 formaliter.
299 2025 483 2061 Voluntas
509 2026 618 2073 igitur
639 2027 803 2061 humana
824 2035 968 2061 tenetur
990 2026 1217 2061 conformari
1235 2026 1380 2062 divinae
1402 2026 1583 2061 voluntati
1604 2026 1640 2060 in

51 2080 168 2116 volito
190 2079 412 2116 formaliter:
435 2089 579 2116 tenetur
601 2081 699 2116 enim
717 2081 812 2116 velle
831 2081 970 2116 bonum
986 2081 1164 2124 divinum,
1188 2090 1222 2116 et
1245 2093 1456 2124 commune,
1480 2081 1542 2116 sed
1565 2092 1640 2116 non

52 2136 288 2179 materialiter,
311 2136 452 2171 ratione
482 2137 557 2182 jam
579 2136 675 2171 dicta
698 2136 767 2182 (hic
788 2137 889 2182 sup).
915 2136 987 2171 Sed
1015 2145 1139 2170 tamen
1167 2144 1346 2183 quantum
1369 2136 1412 2170 ad
1444 2144 1639 2182 utrumque

53 2189 176 2237 aliquo
199 2190 314 2225 modo
335 2189 506 2225 voluntas
532 2191 696 2225 humana
719 2189 973 2225 conformatur
998 2190 1183 2225 voluntati
1210 2190 1371 2233 divinae3
1407 2190 1490 2236 quia
1514 2202 1640 2225 secun-

53 2244 140 2279 dum
167 2245 265 2292 quod
288 2244 540 2280 conformatur
561 2245 742 2280 voluntati
764 2245 908 2279 divinae
927 2245 963 2279 in
980 2245 1171 2280 communi
1194 2245 1335 2279 ratione
1356 2244 1471 2287 voliti‚
1496 2244 1638 2279 confor-

53 2307 173 2334 matur
191 2299 224 2334 ei
245 2299 282 2333 in
304 2298 375 2334 fine
395 2299 546 2334 ultimo:
563 2299 766 2334 secundum
789 2307 912 2334 autem
934 2300 1032 2346 quod
1054 2311 1129 2334 non
1153 2298 1406 2333 conformatur
1424 2300 1457 2333 ei
1472 2299 1509 2333 in
1522 2298 1639 2333 volito

54 2352 302 2396 materialiter,
325 2352 578 2388 conformatur
595 2354 629 2388 ei
644 2353 846 2388 secundum
861 2354 1043 2388 rationem
1058 2365 1189 2388 causae
1212 2352 1420 2388 efficientis:
1437 2353 1521 2400 quia
1542 2353 1638 2387 hanc

53 2407 237 2455 propriam
263 2406 543 2442 inclinationem
571 2415 860 2454 consequentem
883 2415 1063 2450 naturam,
1096 2408 1154 2442 vel
1178 2407 1512 2455 apprehensionem
1534 2408 1641 2454 parti-

55 2460 215 2496 cularem
244 2461 353 2508 hujus
374 2462 427 2497 rei
456 2462 566 2496 habet
593 2473 649 2497 res
677 2474 696 2496 a
718 2462 812 2505 Deo,
835 2462 928 2497 sicut
950 2473 969 2496 a
989 2473 1098 2497 causa
1121 2461 1309 2505 effectiva3
1335 2462 1430 2496 unde
1448 2462 1639 2497 consuevit

54 2514 136 2558 dici,
151 2515 250 2563 quod
266 2515 518 2551 conformatur
533 2524 709 2563 quantum
733 2517 777 2551 ad
799 2517 871 2551 hoc
893 2517 1064 2551 voluntas
1088 2517 1252 2552 hominis
1271 2516 1452 2551 voluntati
1474 2517 1638 2551 divinae:

55 2570 138 2618 quia
159 2570 236 2606 vult
257 2571 342 2614 hoc,
369 2571 467 2618 quod
494 2571 595 2606 Deus
622 2571 700 2606 vult
722 2583 806 2606 eum
828 2571 934 2607 velle.
958 2572 1021 2607 Est
1043 2580 1077 2606 et
1100 2571 1190 2606 alius
1213 2572 1345 2606 modus
1369 2571 1638 2606 conformitatis

55 2625 256 2660 secundum
277 2625 459 2660 rationem
482 2637 613 2661 causae
636 2625 812 2669 formalis,
827 2635 866 2661 ut
888 2626 1039 2671 scilicet,
1061 2627 1176 2661 homo
1199 2626 1286 2661 velit
1302 2626 1437 2673 aliquid
1460 2637 1502 2660 ex
1526 2625 1640 2660 chari-

54 2685 139 2722 tate,
156 2679 249 2714 sicut
268 2679 369 2714 Deus
396 2679 490 2714 vult:
514 2688 550 2714 et
567 2680 635 2715 ista
657 2680 767 2715 etiam
790 2679 1030 2715 conformitas
1058 2681 1243 2716 reducitur
1266 2681 1309 2714 ad
1338 2680 1639 2715 conformitatem

55 2731 260 2776 formalem,
281 2745 374 2780 quae
397 2733 593 2769 attenditur
620 2746 662 2769 ex
692 2735 820 2769 ordine
848 2735 892 2769 ad
914 2734 1085 2769 ultimum
1107 2734 1230 2778 finem,
1253 2735 1351 2782 quod
1375 2743 1429 2769 θεῖ
1449 2734 1639 2781 proprium

55 2785 238 2834 objectum
259 2787 456 2822 charitatis.

128 2841 188 2876 An
209 2851 360 2877 PRIMUM
383 2853 472 2889 ergo
495 2842 704 2886 dicendum,
726 2842 824 2890 quod
846 2842 1004 2878 volitum
1027 2843 1204 2886 divinum,
1227 2843 1431 2878 secundum
1457 2842 1640 2877 rationem

57 2904 306 2939 communem,
328 2895 436 2943 quale
463 2896 519 2939 sit,
547 2896 639 2932 scire
661 2908 876 2944 possumus:
905 2898 1042 2932 scimus
1070 2898 1180 2940 enim,
1208 2897 1307 2943 quod
1334 2897 1435 2931 Deus
1463 2897 1638 2944 quidquid

57 2947 144 2991 vult,
165 2948 242 2984 vult
263 2949 327 2985 sub
349 2950 491 2985 ratione
514 2950 620 2986 boni:
643 2958 679 2986 et
700 2951 782 2986 ideo
806 2951 1029 2998 quicumque
1052 2951 1130 2986 vult
1152 2951 1288 2998 aliquid
1312 2951 1376 2986 sub
1405 2962 1638 2998 quacumque
