1875 3198
242 199 323 240 592
635 198 854 233 QUAESTIO
888 197 1051 227 LXXXII.
1086 197 1330 227 ARTICULUS
1363 197 1406 225 ΙΙ.

240 279 419 321 accidens,
452 278 591 313 scilicet
615 290 678 325 per
704 279 948 313 remotionem
973 278 1218 325 prohibentis:
1241 279 1335 313 sicut
1360 277 1479 312 soluta
1503 277 1698 312 harmonia
1723 289 1798 312 cor-

238 333 336 379 poris
354 333 466 374 mixti,
481 332 661 366 elementa
679 334 830 367 tendunt
847 333 882 366 in
901 332 983 366 loca
1001 332 1199 366 contraria:
1223 340 1257 365 et
1278 331 1453 373 similiter,
1471 330 1588 365 soluta
1605 331 1797 365 harmonia

240 385 425 432 originalis
446 386 612 431 justitiae,
634 386 796 420 diversae
819 386 961 420 animae
982 386 1165 431 potentiae
1187 385 1223 418 in
1246 385 1386 419 diversa
1406 384 1577 419 feruntur.

310 440 370 474 AD
398 450 569 474 TERTIUM
596 439 800 480 dicendum,
823 439 919 484 quod
940 447 1131 485 peccatum
1153 438 1328 484 originale
1355 438 1468 472 inficit
1495 438 1653 472 diversas
1678 445 1797 484 partes

239 494 394 534 animae,
416 492 615 527 secundum
638 492 734 537 quod
757 500 837 526 sunt
859 501 976 538 partes
1003 493 1108 526 unius
1133 492 1260 526 totius:
1283 492 1375 526 sicut
1397 499 1431 525 et
1451 491 1586 537 justitia
1612 490 1797 536 originalis

239 546 447 580 continebat
476 556 603 579 omnes
635 545 779 579 animae
806 555 924 592 partes
945 546 982 579 in
1004 557 1135 579 unum:
1160 553 1194 579 et
1214 545 1296 579 ideo
1328 553 1383 579 est
1411 556 1525 578 unum
1552 552 1694 579 tantum
1719 555 1799 590 pec-

239 608 360 634 catum
376 599 570 645 originale:
593 599 687 632 sicut
708 599 818 633 etiam
837 607 890 633 est
910 611 982 633 una
1002 598 1109 633 febris
1130 599 1168 632 in
1189 609 1261 632 uno
1279 598 1443 640 homine,
1458 598 1622 644 quamvis
1638 597 1799 632 diversae

238 661 356 700 partes
383 653 544 699 corporis
567 660 769 698 graventur.

797 795 1141 840 ARTICULUS
1172 795 1251 838 III.
1730 814 1799 848 442

417 903 569 933 UTRUM
597 903 835 935 oRIGINALE
858 904 1097 934 PECCATUM
1124 903 1191 933 SIT
1221 902 1618 934 CONCUPISCENTIA.

359 991 468 1035 (Part.
490 1003 515 1035 3.
538 1003 568 1037 q.
590 1002 638 1037 23.
661 995 724 1026 art.
746 1003 774 1026 I.
797 997 885 1038 corp.
907 996 983 1026 812.
1002 992 1091 1026 Dist.
1112 1003 1162 1037 30.
1182 1003 1211 1037 q.
1234 1003 1262 1026 Ι.
1283 996 1349 1025 art.
1370 1002 1402 1026 2.
1425 996 1516 1037 corp.
1539 995 1567 1025 et
1587 989 1630 1024 ad
1649 1002 1682 1034 4.

238 1050 266 1078 el
288 1045 322 1078 in
343 1051 450 1091 expos.
471 1044 520 1079 lit.
542 1049 570 1079 et
590 1045 679 1079 Dist.
695 1057 741 1091 31.
761 1057 790 1090 q.
810 1056 840 1079 2.
861 1050 926 1080 art.
950 1057 976 1080 l.
999 1044 1042 1079 ad
1056 1057 1083 1091 3.
1109 1050 1138 1079 et
1161 1045 1247 1079 Dist.
1266 1056 1316 1091 32.
1337 1057 1367 1090 q.
1381 1057 1409 1079 1.
1424 1049 1488 1079 art.
1509 1056 1537 1079 Ι.
1560 1043 1602 1078 ad
1622 1056 1650 1079 1.
1669 1055 1698 1089 3.
1719 1047 1748 1077 et
1766 1053 1799 1087 4.

736 1104 764 1134 et
785 1099 869 1133 Mal.
892 1111 921 1145 q.
941 1111 969 1145 3.
992 1104 1055 1134 art.
1077 1110 1107 1145 7.
1130 1099 1299 1145 corp.fin.

429 1157 458 1187 et
491 1163 524 1198 q.
549 1163 582 1196 4.
610 1157 673 1187 art.
700 1164 731 1187 2.
753 1158 817 1199 per
845 1158 900 1187 tot.
926 1158 955 1188 et
980 1158 1042 1187 art.
1069 1164 1102 1198 4.
1131 1153 1173 1187 ad
1197 1164 1229 1188 2.
1256 1157 1284 1188 et
1308 1157 1372 1187 art.
1400 1152 1434 1187 6.
1460 1151 1503 1186 ad
1527 1151 1610 1197 16.).

310 1240 369 1274 AD
397 1250 537 1275 TERTIU
540 1252 568 1275 M
598 1241 648 1276 sic
678 1241 894 1288 proceditur.
921 1242 1083 1285 Videtur,
1117 1242 1214 1289 quod
1242 1249 1433 1287 peccatum
1455 1239 1632 1287 originale
1657 1250 1731 1274 non
1757 1240 1802 1274 sit

240 1294 551 1340 concupiscentia:
580 1306 689 1329 omne
718 1296 815 1330 enim
842 1304 1033 1342 peccatum
1061 1304 1114 1331 est
1141 1304 1268 1330 contra
1293 1303 1472 1337 naturam,
1499 1302 1538 1329 ut
1563 1294 1650 1328 dicit
1669 1293 1803 1328 Darna-

239 1359 367 1382 scenus
389 1348 424 1381 in
447 1358 478 1382 2.
501 1348 560 1382 lib
585 1348 698 1392 (O1th.
721 1349 795 1384 Fid.
818 1356 889 1396 cap.
911 1361 944 1395 4.
966 1351 1095 1396 et30):
1123 1350 1184 1384 sed
1212 1348 1506 1395 concupiscentia
1528 1355 1581 1382 est
1601 1332 1801 1382 securidum

239 1411 273 1434 n
276 1409 422 1436 ituram:
447 1410 499 1436 est
520 1402 617 1436 enim
644 1404 808 1449 proprius
832 1412 932 1438 actus
957 1404 1097 1438 virtutis
1121 1402 1424 1450 concupiscibilis,
1448 1413 1540 1449 quae
1562 1409 1616 1437 est
1640 1401 1801 1448 potentia

240 1455 431 1498 naturali33
455 1467 542 1501 ergo
566 1457 861 1503 concupiscentia
880 1469 954 1492 non
977 1466 1030 1492 est
1051 1465 1242 1504 peccatum
1265 1456 1452 1503 originale.

312 1519 343 1542 2.
366 1509 601 1544 PRAETEREA.
621 1510 690 1544 Per
703 1519 894 1557 peccatum
917 1511 1093 1558 originale
1116 1519 1198 1546 sunt
1218 1511 1254 1545 in
1275 1511 1380 1545 nobis
1394 1512 1560 1557 passiones
1574 1515 1799 1557 peccatorum,

240 1571 278 1596 ut
298 1570 396 1608 patet
417 1574 480 1608 per
499 1563 732 1609 Apostolum,
747 1564 903 1599 Roman.
927 1576 977 1611 7.:
1001 1565 1063 1600 sed
1085 1565 1220 1599 multae
1244 1563 1334 1599 aliae
1353 1572 1436 1599 sunt
1456 1563 1642 1611 passiones
1662 1570 1802 1610 praeter

240 1616 584 1662 concupiscentiam,
611 1625 649 1651 ut
675 1629 781 1664 supra
802 1618 967 1653 habitum
989 1627 1043 1653 est
1068 1619 1114 1664 (q.
1134 1631 1181 1665 23.
1201 1623 1264 1653 art.
1287 1618 1352 1663 4.);
1376 1629 1463 1664 ergo
1485 1625 1677 1664 peccatum
1698 1617 1803 1664 origi-

240 1669 321 1703 nale
342 1681 417 1703 non
439 1670 555 1715 magis
578 1678 631 1704 est
653 1672 959 1717 concupiscentia,
982 1684 1092 1718 quarn
1114 1672 1233 1718 aliqua
1256 1671 1325 1706 alia
1346 1671 1478 1718 passio.

314 1735 342 1769 3.
365 1723 600 1758 PRAETEREA.
616 1724 686 1758 Per
700 1734 891 1771 peccatum
907 1725 1082 1772 originale
1099 1725 1357 1760 deordinantur
1371 1736 1500 1760 omnes
1514 1725 1657 1760 animae
1671 1732 1801 1772 partes,

239 1785 277 1811 ut
303 1777 440 1810 dictum
459 1785 511 1811 est
532 1778 610 1821 (art.
631 1784 744 1824 praec.
773 1779 815 1813 ad
840 1780 900 1824 r.):
928 1780 989 1814 sed
1016 1779 1220 1814 intellectus
1247 1787 1301 1814 est
1326 1790 1514 1826 supremus
1540 1779 1632 1813 inter
1657 1779 1800 1813 animae

239 1838 369 1876 partes,
392 1838 429 1864 ut
450 1838 547 1876 patet
568 1842 630 1877 per
651 1831 787 1866 Philos.
811 1833 846 1866 in
874 1844 925 1868 10.
952 1833 1068 1867 Ethic.
1092 1834 1183 1880 (cap.
1211 1833 1274 1879 7.);
1297 1843 1384 1879 ergo
1406 1840 1599 1880 peccatum
1625 1831 1801 1879 originale

240 1895 356 1929 magis
379 1892 431 1918 est
452 1885 668 1929 ignorantia,
692 1897 801 1931 quam
825 1887 1130 1932 concupiscentia.

311 1938 385 1972 SED
409 1948 562 1972 CONTRA
578 1946 641 1981 est,
657 1940 753 1985 quod
776 1940 1001 1986 Augustinus
1023 1941 1108 1975 dicit
1129 1940 1164 1974 in
1186 1939 1245 1974 lib.
1273 1950 1300 1974 1.
1322 1940 1480 1975 Retract.
1507 1939 1596 1987 (cap.
1615 1951 1659 1987 15.
1675 1945 1801 1987 parum

240 2004 260 2026 a
275 1992 414 2039 princ.):
439 1991 713 2039 Concupiscentia
733 1999 776 2028 est
798 1999 904 2029 reatus
925 1995 1098 2040 originalis
1110 1995 1248 2041 peccati.

311 2045 540 2080 Rssspoxoro
564 2046 768 2089 dicendum,
792 2048 888 2094 quod
910 2048 1195 2094 unumquodque
1217 2047 1326 2082 habet
1352 2047 1512 2093 speciem
1534 2058 1554 2082 a
1574 2058 1640 2082 sua
1666 2046 1802 2088 forma;

241 2099 376 2133 dictum
399 2107 452 2133 est
473 2107 593 2133 autem
612 2111 717 2146 supra
742 2101 823 2146 (aiut
840 2103 986 2148 piace),
1010 2101 1106 2148 quod
1129 2101 1268 2148 species
1286 2101 1425 2148 peccati
1447 2101 1633 2148 originalis
1651 2100 1803 2135 sumitur

242 2164 283 2187 ex
305 2163 369 2186 sua
391 2163 518 2186 causa:
541 2153 635 2188 unde
658 2162 812 2200 oportet,
834 2155 930 2201 quod
953 2155 999 2198 id,
1022 2156 1118 2202 quod
1141 2162 1194 2190 est
1214 2154 1398 2190 formale'
1390 2167 1425 2189 1n
1448 2154 1617 2201 originali
1637 2161 1820 2208 peccato,

242 2206 439 2252 accipiatur
461 2218 501 2240 ex
523 2215 622 2251 parte
645 2219 774 2242 causae
801 2209 939 2255 peccati
967 2183 1170 2255 oiiginalis:
1194 2208 1444 2255 oppositorum
1472 2216 1593 2243 autem
1615 2208 1802 2255 oppositae

242 2268 324 2294 sunt
353 2270 505 2294 causae:
533 2268 584 2294 est
611 2261 718 2307 igitur
745 2262 959 2297 attendenda
990 2274 1098 2297 causa
1127 2261 1313 2309 originalis
1341 2262 1481 2309 peccati
1502 2273 1544 2297 ex
1568 2273 1676 2296 causa
1698 2261 1804 2308 origi-

241 2313 332 2347 nalis
351 2314 518 2359 justitiae,
533 2323 624 2360 quac
624 2290 679 2349 oei
701 2316 904 2362 opponitur.
929 2316 1025 2350 Tota
1048 2324 1168 2351 autem
1191 2316 1369 2350 ordinatio
1389 2315 1574 2362 originalis
1587 2315 1742 2362 justitiae
1761 2325 1803 2349 ex

1830 2189 1844 2371 rsurm
1831 2068 1848 2181 0⁴-ssae-

242 2368 312 2400 hoc
341 2375 404 2409 est,
435 2368 531 2413 quod
559 2367 727 2403 voluntas
755 2369 914 2404 hominis
937 2378 1011 2404 erat
1033 2370 1114 2404 Deo
1136 2370 1307 2415 subjecta.
1329 2369 1435 2410 Quae
1454 2369 1600 2416 quidem
1627 2368 1802 2415 subjectio
1827 2388 1835 2396 ·

242 2421 372 2466 primo,
399 2428 433 2455 et
458 2421 702 2467 principaliter
731 2431 806 2457 crat
834 2434 896 2469 per
921 2423 1159 2466 voluntatem,
1183 2424 1283 2469 cujus
1306 2430 1359 2457 est
1385 2433 1533 2457 movere
1561 2433 1689 2457 omnes
1715 2421 1803 2456 alias

242 2482 360 2520 partes
382 2474 415 2508 in
438 2473 559 2517 finem,
582 2483 619 2509 ut
640 2487 745 2521 supra
768 2476 903 2510 dictum
924 2485 976 2511 cst
999 2477 1043 2523 (q.
1067 2489 1098 2522 9.
1119 2482 1182 2511 art.
1204 2477 1266 2522 r.)‚·
1289 2476 1383 2510 unde
1406 2487 1448 2511 ex
1470 2476 1658 2511 aversione
1678 2474 1805 2510 volun·
1824 2519 1826 2522 .

241 2528 323 2562 tatis
353 2539 372 2561 a
402 2528 482 2562 Deo
505 2537 698 2563 consecuta
727 2537 779 2563 est
805 2530 1022 2564 inordinatio
1045 2531 1081 2564 in
1103 2530 1271 2565 omnibus
1298 2529 1377 2564 aliis
1404 2529 1547 2564 animae
1573 2529 1727 2572 viribus3
1749 2528 1833 2579 sic:

242 2593 329 2627 ergo
352 2583 504 2628 privatio
524 2582 708 2628 originalis
731 2583 896 2627 justitiae,
911 2596 974 2630 per
988 2595 1097 2630 quam
1118 2583 1286 2618 voluntas
1308 2583 1526 2618 subdebatur
1547 2583 1640 2625 Deo,
1662 2590 1715 2618 est
1735 2581 1804 2617 for·
1823 2591 1828 2593 “

243 2635 338 2669 male
362 2636 396 2669 in
419 2644 570 2681 peccato
601 2636 786 2681 originali:
818 2637 936 2671 omnis
960 2646 1079 2672 autem
1106 2637 1174 2671 alia
1201 2637 1420 2671 inordinatio
1442 2637 1573 2671 virium
1601 2636 1744 2671 animae
1765 2645 1804 2671 se

243 2689 264 2723 11
271 2690 372 2724 abet'
365 2701 399 2722 m
415 2698 565 2734 peccato
581 2690 646 2724 ori
637 2690 746 2735 ginali
767 2690 857 2724 sicut
872 2691 1041 2737 quiddam
1059 2690 1262 2725 materiale:
1279 2690 1498 2725 inordinatio
1514 2698 1634 2726 autem
1651 2690 1803 2724 aliarum

243 2744 371 2777 xirium
396 2744 537 2778 animae
559 2745 750 2790 praecipue
773 2744 806 2777 in
830 2745 900 2779 hoc
924 2745 1128 2787 attenditur,
1147 2745 1243 2791 quod
1266 2744 1468 2779 inordinate
1484 2751 1743 2779 convertuntur
1759 2739 1823 2785 adg'

242 2798 378 2831 bonum
402 2798 673 2839 commutabile,
693 2810 747 2844 qu
743 2809 783 2832 lc
806 2799 950 2844 quidem
975 2799 1193 2833 inordinatio
1216 2799 1404 2833 communi
1425 2799 1575 2833 nomine
1596 2806 1715 2846 potest
1732 2790 1813 2831 dici

244 2852 557 2898 concupiscentizu
582 2852 683 2886 etita
711 2861 900 2898 pcccttum
927 2863 978 2886 ori
985 2864 1042 2894 1111
1048 2853 1102 2887 ilc
1130 2852 1363 2887 materialiter
1388 2851 1535 2900 quidem
1562 2859 1615 2888 cst
1636 2849 1804 2896 concupi·

243 2905 390 2946 scentia,
412 2904 611 2939 formaliter
632 2916 719 2940 vcro
742 2913 794 2940 cst
815 2904 974 2940 defectus
997 2905 1180 2951 originalis
1202 2905 1367 2952 justitiae.
