1875 3198
194 307 278 362 890

194 400 254 427 LX.
269 399 311 424 De
326 394 505 422 distinctione
529 391 660 417 virtutum
676 380 829 411 vmoralium
844 381 877 406 ab

267 440 385 466 invicem
390 454 563 464 ......
764 447 770 452 .
811 425 877 457 Pag.
899 429 949 454 412

195 483 270 511 LXI.
285 483 327 508 De
340 478 487 506 virtutibus
509 472 691 501 cardinalibus
702 486 878 496 ......
900 470 952 496 420

196 525 286 552 LXII.
301 524 343 549 De
354 519 500 548 virtutibus
514 514 684 549 theologicis
694 527 879 538 ......
901 513 952 538 427

198 566 301 594 LXIII.
317 565 358 590 De
374 570 455 588 causa
468 560 599 586 virtutum
621 567 880 583 ........
901 554 952 579 432

199 608 299 636 LXIV.
314 607 355 632 De
369 604 461 630 medio
476 602 607 628 virtutum
628 611 882 624 ........
903 589 954 621 438

200 651 285 678 LXV.
300 649 341 675 De
357 645 530 673 connexione
544 642 676 667 virtutum
697 653 882 663 ......
904 638 954 663 443

200 691 302 720 LXVI,
316 691 357 716 De
372 686 537 720 aequalitate
557 683 689 709 virtutum
701 695 884 705 ......
905 680 953 706 451

202 733 317 762 LXVII.
333 732 374 757 De
386 729 530 755 duratione
545 725 676 751 virtutum
691 726 755 756 post
768 718 838 744 hanc
848 716 886 743 vi-

273 783 328 802 tam
349 780 886 800 ................
907 757 960 790 460

204 817 335 846 LXVIII.
351 816 392 841 De
408 813 488 838 donis
493 821 887 838 ............
909 799 959 831 469

204 860 308 888 LXIX.
324 859 365 884 De
380 851 596 882 beatitudinibus
600 863 889 877 .........
910 841 960 873 482

206 903 294 929 LXX.
306 902 347 927 De
362 897 496 925 fructibus
512 894 628 928 Spiritus
644 888 737 915 Sancti
741 904 889 914 .....
911 884 961 916 489

207 943 311 971 LXXI.
325 943 367 968 De
382 940 467 969 vitiiS‚
483 943 510 962 et
530 934 651 970 peccatis
665 930 816 956 secundum
831 936 859 953 se
885 946 890 952 .
912 933 960 958 495

207 985 324 1013 LXXII.
341 984 381 1009 De
396 979 575 1006 distinctione
591 981 782 1011 peccatorum.
812 992 818 997 .
848 990 853 996 ,
885 988 890 994 .
915 975 964 1000 504

208 1026 342 1055 LXXIII.
367 1025 408 1050 De
431 1019 638 1056 comparatione
662 1020 838 1051 peccatorum
861 1010 893 1036 ad

280 1069 398 1095 invicem
425 1073 892 1092 ..............
917 1050 965 1084 516

210 1110 338 1140 LXXIV.
353 1109 394 1134 De
409 1106 535 1140 subjecto
549 1107 727 1138 peccatorum
743 1115 892 1126 .....
917 1101 966 1126 530

210 1153 325 1181 LXXV,
339 1152 380 1177 De
396 1148 484 1175 causis
499 1151 676 1181 peccatorum
693 1142 721 1166 in
737 1136 859 1175 generali
888 1157 894 1162 .
918 1143 964 1168 543

212 1194 341 1222 LXXVI.
357 1193 398 1218 De
414 1190 504 1216 causis
519 1186 625 1223 peccati
639 1185 667 1209 in
683 1181 796 1218 speciali
816 1201 822 1207 .
852 1201 857 1206 .
889 1199 894 1204 .
919 1177 967 1210 548

212 1235 357 1265 LXXVII.
369 1235 410 1260 De
422 1240 505 1258 causa
515 1228 622 1265 peccati
633 1235 664 1252 ex
674 1231 749 1261 parte
761 1222 898 1258 appetitus

285 1276 411 1304 sensitivi
425 1284 896 1301 ..............
921 1269 970 1294 554

216 1318 376 1348 LXXVIII.
386 1318 427 1343 De
436 1323 517 1342 causa
525 1312 643 1348 peccati,
655 1317 723 1345 quae
735 1314 776 1333 est
784 1305 898 1332 malitia.
922 1303 967 1336 565

217 1362 349 1390 LXXIX.
364 1361 405 1385 De
422 1358 511 1384 causis
525 1353 707 1381 exterioribus
722 1349 828 1385 peccati
856 1369 861 1374 .
893 1367 898 1372 .
923 1353 968 1379 571

217 1404 334 1432 LXXX.
355 1403 396 1428 De
412 1408 493 1426 causa
507 1396 613 1433 peccati
628 1403 659 1420 ex
672 1399 747 1428 parte
763 1389 867 1416 diaboli
895 1409 900 1414 .
924 1386 973 1421 576

217 1445 350 1474 LXXXI.
365 1445 406 1470 De
418 1450 499 1468 causa
513 1438 619 1475 peccati
634 1445 666 1461 ex
679 1441 753 1470 parte
768 1432 900 1458 hominis.
925 1430 973 1462 582

218 1487 366 1516 LXXXII.
380 1487 422 1511 De
443 1481 572 1517 originali
586 1485 701 1515 peccato
718 1481 850 1511 quantum
871 1472 903 1498 ad

292 1538 368 1555 suam
383 1526 531 1552 essentiam
539 1535 903 1550 ...........
927 1513 974 1546 589

221 1569 383 1599 LXXXIII.
398 1569 439 1594 De
451 1567 576 1600 subjecto
591 1561 735 1597 originalis
746 1558 867 1595 peccati.
898 1576 904 1582 .
928 1563 977 1589 594

222 1612 381 1641 LXXXIV.
397 1611 438 1636 De
452 1617 533 1635 causa
543 1605 660 1642 peccati,
670 1602 819 1629 secundum
834 1598 907 1634 quod

293 1658 378 1675 unum
400 1652 544 1682 peccatum
565 1642 677 1668 alterius
698 1637 805 1674 peccati
826 1643 908 1661 causa

328 1698 338 1716 t
402 1697 908 1716 ...............
965 1686 972 1698 ι

225 1700 373 1761 LXXCXV..
384 1732 425 1757 De
439 1727 584 1755 effectibus
598 1724 704 1761 peccati
724 1739 911 1750 ......
931 1684 979 1749 Ξὲζ

228 1773 386 1802 LXXXVI.
401 1773 442 1798 De
457 1768 564 1796 macula
577 1767 682 1803 peccati
691 1781 909 1793 .......
932 1759 982 1791 614

229 1815 401 1844 LXXXVII.
416 1815 457 1840 De
472 1819 548 1839 reatu
564 1818 668 1846 poenae
690 1822 910 1835 .......
933 1800 983 1826 616

722 300 858 333 INDEX
891 289 1226 333 QUAESTIONUM.

1006 370 1194 401 LXXXVIII.
1205 370 1246 395 De
1255 375 1331 403 pecc,
1342 363 1454 395 veniali,
1466 368 1492 388 et
1500 359 1611 387 mortali
1624 359 1690 393 Pag.
1711 358 1761 391 627

1007 414 1167 443 LXXXIX.
1182 412 1223 437 De
1238 414 1352 446 peccato
1367 404 1470 433 veniali
1483 402 1635 429 secundum
1650 408 1690 427 se.
1712 399 1763 432 636

1008 458 1068 486 XC.
1084 457 1125 482 De
1146 454 1253 489 legibus
1259 462 1692 481 .............
1713 441 1765 473 644

1008 499 1085 527 XCI.
1100 498 1142 524 De
1158 496 1251 531 legum
1270 492 1428 519 diversitate
1438 504 1694 516 ........
1715 483 1765 516 649

1009 540 1101 568 XCII.
1116 540 1157 565 De
1171 536 1314 563 effectibus
1329 533 1399 568 legis
1403 546 1693 560 .........
1716 525 1765 558 6ς7

1011 581 1117 610 XCIII.
1138 581 1180 606 De
1195 579 1256 613 lege
1271 583 1383 602 aeterna
1402 586 1695 600 .........
1717 565 1768 591 660

1011 624 1113 652 XCIV.
1130 623 1172 648 De
1186 621 1248 655 lege
1264 616 1381 644 naturali
1401 630 1696 642 .........
1718 607 1768 633 668

1012 666 1100 694 XCV.
1117 665 1159 690 De
1173 663 1235 698 lege
1249 661 1368 687 humana
1377 671 1696 684 ..........
1719 648 1769 682 676

1013 707 1117 735 XCVI.
1132 707 1173 732 De
1187 708 1326 740 potestate
1343 700 1413 735 legis
1427 698 1563 724 humanae
1583 716 1590 723 .
1617 714 1624 720 .
1653 713 1660 720 .
1691 711 1696 718 .
1719 691 1768 716 682

1014 748 1133 777 XCVII.
1152 748 1194 773 De
1209 745 1363 771 mutatione
1378 742 1472 776 legum
1481 753 1699 768 .......
1721 733 1773 766 690

1016 790 1149 818 XCVIII.
1170 789 1212 814 De
1227 787 1290 822 lege
1304 784 1390 812 veteri
1411 797 1700 811 .........
1723 775 1770 808 695

1016 833 1122 860 XCIX.
1142 832 1184 857 ΒΕ
1199 828 1352 865 praeceptis
1365 824 1466 852 veteris
1481 822 1551 857 legis
1584 841 1590 847 .
1620 840 1626 846 .
1656 839 1662 845 .
1694 837 1700 843 .
1722 823 1774 850 704

1019 876 1050 904 C.
1066 876 1107 901 De
1123 872 1276 909 praeceptis
1290 868 1441 895 moralibus
1461 864 1562 892 veteris
1576 862 1646 897 legis
1660 881 1666 887 .
1696 879 1702 885 .
1720 865 1774 893 712

1020 918 1066 946 CI.
1091 917 1132 943 De
1156 913 1310 951 praeceptis
1333 906 1581 937 caeremonialibus
1605 911 1705 929 secun-

1092 960 1155 985 dum
1170 966 1199 983 se
1204 965 1703 985 ...............
1725 950 1776 977 732

1021 1002 1084 1030 CII.
1099 1002 1141 1027 De
1157 995 1401 1026 caeremonialium
1418 997 1626 1029 praeceptorum
1642 995 1706 1013 cau-

1093 1053 1104 1069 s
1162 1049 1704 1071 ................
1746 1035 1755 1043 ⁸

1023 1052 1156 1114 (ΖΙῙΙ.1ΒΕ
1171 1083 1317 1109 duratione
1337 1083 1546 1115 praeceptorum
1567 1079 1708 1099 caeremo-
1726 1027 1777 1066 ²³8

1094 1118 1781 1153 nialium..............·774

1025 1170 1098 1198 CIV.
1112 1170 1154 1195 De
1169 1165 1322 1203 praeceptis
1335 1160 1512 1199 judicialibus
1523 1175 1709 1185 ......
1731 1153 1781 1187 782

1025 1212 1084 1240 CV.
1102 1212 1143 1237 De
1157 1210 1265 1236 ratione
1285 1204 1457 1241 judicialium
1471 1204 1681 1237 praeceptorum
1704 1215 1710 1221 .
1731 1194 1782 1229 788

1026 1254 1100 1282 CVI.
1115 1254 1157 1279 De
1179 1252 1241 1286 lege
1257 1247 1426 1283 evangelica,
1454 1251 1523 1279 quae
1548 1241 1648 1267 dicitur
1670 1237 1713 1263 lex

1098 1304 1170 1321 nova
1184 1291 1335 1319 secundum
1349 1297 1379 1315 se
1382 1299 1712 1315 ..........
1733 1279 1785 1310 804

1028 1337 1117 1365 CVII.
1132 1337 1173 1362 De
1190 1333 1396 1369 comparatione
1407 1329 1478 1364 legis
1491 1333 1580 1353 novae
1594 1324 1628 1350 ad
1641 1328 1715 1350 vete-

1099 1388 1156 1406 rem
1171 1386 1678 1406 ...............
1736 1363 1787 1388 810

1030 1421 1133 1449 CVIII.
1158 1421 1199 1446 De
1226 1419 1280 1450 his,
1308 1424 1376 1452 quae
1409 1412 1589 1440 continentur
1607 1409 1636 1434 in
1655 1406 1718 1441 lege

1102 1471 1173 1489 nova
1183 1468 1716 1489 ................
1738 1446 1788 1479 817

1032 1506 1109 1534 CIX.
1138 1505 1180 1530 De
1217 1500 1346 1528 exteriori
1372 1495 1508 1533 principio
1535 1494 1719 1519 humanorum

1104 1553 1225 1577 actuum,
1241 1543 1348 1569 scilicet
1362 1540 1394 1566 de
1410 1537 1497 1574 gratia
1510 1535 1563 1561 Dei
1567 1552 1717 1561 .....
1739 1529 1791 1555 826

1034 1591 1095 1617 CX.
1102 1590 1143 1614 De
1152 1587 1239 1623 gratia
1249 1585 1301 1610 Dei
1312 1588 1443 1618 quantum
1452 1579 1486 1605 ad
1493 1579 1552 1613 ejus
1560 1574 1719 1602 essentiam.
1741 1572 1789 1603 841

1035 1631 1111 1658 CXI.
1126 1631 1168 1656 De
1183 1627 1319 1654 divisione
1334 1623 1438 1659 gratiae
1460 1633 1719 1648 ........
1741 1613 1792 1646 847

1037 1672 1128 1699 CXII.
1145 1671 1187 1696 De
1203 1677 1284 1695 causa
1297 1666 1401 1702 gratiae
1427 1676 1721 1690 .........
1743 1655 1796 1687 854

1038 1713 1144 1741 CXIII.
1158 1713 1200 1738 De
1215 1709 1358 1736 effectibus
1373 1706 1476 1742 gratiae
1503 1718 1723 1730 .......
1745 1696 1793 1722 861

1039 1755 1141 1783 CXIV.
1155 1754 1197 1780 De
1211 1752 1322 1783 merito,
1338 1748 1413 1785 quod
1428 1752 1470 1773 est
1484 1744 1598 1771 effectus
1621 1740 1725 1777 gratiae

1112 1794 1287 1831 cooperantis
1299 1800 1726 1819 .............
1747 1780 1796 1814 875
