1907 3198
470 221 692 258 QUAESTIO
726 225 905 258 LXXXIII.
939 229 1186 261 ARTICULUS
1220 232 1264 263 II.
1564 239 1646 283 597

83 302 141 332 at
155 295 195 332 in
211 297 347 342 anima,
362 310 473 347 quam
492 301 527 337 in
547 314 675 347 carne;
697 316 786 352 ergo
801 308 910 343 etiam
926 310 1043 356 magis
1058 319 1112 346 est
1127 311 1162 346 in
1178 314 1347 359 potentiis
1363 316 1519 360 animae,
1537 330 1647 365 quam

81 348 119 384 in
139 350 217 396 ejus
237 353 403 388 essentia.

151 412 187 447 4.
206 403 443 442 PRAETEREA.
466 407 663 445 Peccatum
687 412 866 459 originale
887 415 1018 451 dicitur
1035 428 1114 453 esse
1128 420 1437 467 concupiscentia,
1457 432 1495 459 ut
1509 424 1647 461 dictum

34 467 51 499 q
80 462 136 492 est
153 456 204 504 (q.
224 458 280 494 82.
301 464 366 494 art.
391 461 458 506 3.):
479 462 542 496 sed
569 465 863 512 concupiscentia
887 476 940 504 est
962 469 996 504 in
1016 472 1187 517 potentiis
1209 474 1370 519 animae;
1398 488 1486 524 ergo
1509 487 1544 514 et
1568 491 1649 526 pec-

73 511 412 559 mdgmale.

149 561 226 600 SED
239 574 394 602 CONTRA
411 575 476 610 est,
494 570 591 615 quod
611 575 996 621 peccatum'originale
1012 577 1143 614 dicitur
1157 591 1235 616 esse
1258 592 1449 628 peccatum
1470 587 1646 630 naturale,

78 614 119 652 tit
141 627 251 665 supra
275 618 415 655 dictum
441 629 495 656 est
521 623 567 670 (q.
593 625 644 660 81.
671 631 735 661 art.
763 629 828 673 r.).·
851 629 972 666 anima
995 640 1116 667 autem
1139 642 1192 669 est
1213 634 1343 679 forma,
1363 646 1397 672 et
1419 647 1546 675 natura
1569 652 1647 676 cor-

26 691 33 694 ›·
76 669 176 717 poris
200 672 403 716 secundum
430 676 627 712 essentiam
653 689 770 722 suam,
797 690 832 716 et
864 694 937 718 non
967 686 1167 722 secundum
1199 691 1391 735 potentias,
1414 701 1452 727 ut
1473 693 1509 727 in
1535 705 1562 728 1.
1586 694 1647 729 ha-

52 759 54 762 ,
79 722 192 759 bitum
214 732 268 760 est
287 726 337 773 (q.
359 727 415 774 76.
436 733 501 764 art.
528 731 575 776 1.)
584 743 598 772 ,-
621 743 709 779 ergo
731 734 853 770 anima
876 746 929 772 est
950 739 1153 785 subjectum
1180 742 1368 789 originalis
1388 748 1527 793 peccati
1554 748 1647 795 prin-

77 775 241 824 cipaliter
260 781 462 816 secundum
484 790 588 818 suam
610 787 817 822 essentiam.

0 834 21 874 Ιι
147 829 378 869 ΒεεΡοΝῡΕο
404 835 611 880 dicendum,
630 840 728 886 quod
747 841 835 877 illud
853 844 996 880 animae
1024 855 1077 882 est
1098 849 1343 896 principaliter
1363 852 1566 899 subjectum
1585 855 1647 890 ali-

76 883 179 930 cujus
194 884 360 932 'peccati,
386 888 430 924 ad
451 890 550 936 quod
575 891 694 938 primo
721 897 875 940 pertinet
896 908 1004 933 causa
1027 901 1164 936 motiva
1186 902 1281 938 illius
1310 907 1468 952 peccati:
1496 909 1589 944 sicut
1614 910 1645 944 si

48 927 55 936 ⁸
76 946 188 975 eausa
212 939 351 975 motiva
372 941 416 976 ad
437 944 664 989 peccandum
687 947 732 982 sit
752 948 946 985 delectatio
969 963 1107 996 sensus,
1126 967 1218 1002 quae
1238 960 1391 1004 pertinet
1407 960 1450 994 ad
1468 961 1542 995 vim
1561 973 1645 998 con-

75 988 338 1038 cupiscibilem,
351 993 445 1030 sicut
461 995 646 1042 objectum
668 1002 855 1048 proprium
877 1005 965 1049 ejus,
988 1008 1150 1054 sequitur
1170 1011 1267 1056 quod
1282 1011 1334 1046 vis
1350 1015 1644 1061 concupiscibilis

73 1042 121 1079 sit
138 1046 326 1092 proprium
340 1047 544 1094 subjectum
566 1050 662 1087 illius
677 1055 828 1100 peccati.
852 1056 1084 1095 Manifestum
1101 1070 1154 1097 est
1177 1072 1310 1107 autem,
1331 1067 1428 1112 quod
1451 1077 1643 1114 peccatum

74 1097 253 1144 originale
273 1108 443 1136 causatur
467 1114 532 1149 per
557 1105 756 1152 originem:
779 1110 874 1144 unde
900 1110 988 1146 illud
1016 1114 1171 1158 animae,
1198 1118 1294 1163 quod
1318 1119 1436 1165 primo
1458 1122 1644 1168 attingitur

73 1149 118 1185 ab
139 1150 281 1198 origine
301 1152 474 1198 hominis,
499 1165 553 1192 est
570 1160 728 1204 primum
750 1162 953 1207 subjectum
973 1166 1160 1212 originalis
1179 1172 1336 1216 peccati:
1360 1174 1502 1220 attingit
1520 1184 1641 1211 autem

72 1203 179 1251 origo
199 1205 375 1250 animam,
389 1215 427 1243 ut
443 1210 641 1246 terminum
655 1216 912 1259 generationis,
927 1220 1127 1256 secundum
1145 1224 1240 1269 quod
1257 1233 1309 1259 est
1323 1225 1439 1261 forma
1458 1230 1640 1276 corporis:

41 1293 49 1300 ‚
72 1257 171 1305 quod
191 1258 341 1305 quidem
367 1263 540 1298 convenit
560 1264 593 1299 ei
615 1268 815 1303 secundum
846 1273 1041 1306 essentiam
1072 1276 1268 1322 propriam,
1292 1286 1329 1313 ut
1354 1279 1390 1314 in
1422 1291 1449 1316 1.
1476 1282 1640 1318 habitum

72 1317 128 1347 est
145 1310 192 1358 (q.
214 1313 270 1359 76.
291 1318 356 1349 art.
378 1316 447 1361 1.),·
475 1317 570 1352 unde
593 1319 715 1354 anima
741 1323 942 1358 secundum
965 1328 1160 1363 essentiam
1183 1338 1235 1365 est
1257 1332 1414 1377 primum
1437 1335 1640 1381 subjectum

71 1364 258 1413 originalis
278 1369 431 1415 peccati.

140 1418 202 1455 An
222 1429 373 1458 ramum
392 1433 481 1470 ergo
502 1424 710 1470 dicendum,
731 1430 828 1475 quod
852 1430 943 1466 sicut
965 1434 1081 1469 motio
1103 1436 1300 1474 voluntatis
1323 1439 1474 1487 alicujus
1496 1445 1639 1491 proprie

69 1473 233 1521 pervenit
245 1474 483 1522 adpotentias
504 1479 659 1524 animae,
681 1493 756 1516 non
779 1493 898 1519 autem
920 1486 963 1520 ad
979 1488 1122 1524 animae
1141 1493 1356 1534 essentiam;
1379 1495 1426 1529 ita
1448 1498 1564 1532 motio
1579 1509 1640 1533 vo-

69 1524 217 1562 luntatis
242 1528 349 1576 primi
370 1533 576 1577 generantis
602 1545 666 1580 per
690 1536 788 1571 viam
815 1540 1059 1584 generationis
1086 1546 1249 1590 pervenit
1275 1547 1393 1593 primo
1422 1550 1465 1584 ad
1493 1551 1638 1588 animae

69 1581 277 1625 essentiam,
296 1589 337 1618 ut
356 1583 493 1619 dictum
511 1593 566 1621 est
587 1588 638 1631 (in
659 1591 779 1636 corp).

138 1633 201 1670 Ax>
213 1644 423 1673 secuunuu
436 1637 643 1684 dicendum,
664 1643 762 1689 quod
784 1645 894 1680 etiam
914 1649 1100 1693 originalis
1114 1651 1259 1696 justitia,
1275 1655 1476 1700 pertinebat
1489 1659 1640 1705 primor-

67 1685 211 1724 dialiter
234 1689 280 1725 ad
305 1692 500 1727 essentiam
527 1694 689 1730 animae:
712 1705 789 1732 erat
814 1699 912 1735 enim
939 1701 1077 1737 donum
1105 1705 1275 1742 divinitus
1302 1709 1427 1744 datum
1454 1711 1636 1749 humanae

67 1748 230 1786 σεται-ιε,
249 1754 360 1791 quam
382 1756 446 1792 per
466 1747 563 1793 prius
585 1750 730 1796 respicit
745 1753 899 1788 essentia
923 1756 1078 1799 animae,
1097 1770 1208 1805 quam
1230 1763 1430 1807 potentiae:
1452 1768 1636 1812 potentiae

49 1794 166 1831 ‘euim
190 1798 310 1844 magis
329 1798 497 1835 videntur
516 1802 693 1848 pertinere
716 1805 760 1838 ad
781 1817 987 1852 personam,
1010 1809 1224 1857 inquantum
1252 1824 1334 1850 sunt
1360 1818 1535 1866 principia
1562 1833 1637 1868 per·

66 1847 250 1884 uenalium
275 1858 445 1895 actuum;
467 1854 562 1889 unde
588 1864 670 1891 sunt
697 1859 840 1905 propria
868 1861 1027 1906 subjecta
1053 1874 1288 1910 peccatorum
1312 1871 1520 1915 actualium,
1543 1886 1635 1921 quae

55 1905 150 1937 ‘sunt
168 1912 318 1950 peccata
340 1907 559 1952 personalia.

134 1955 198 1992 An
223 1966 396 1994 TERTIUM
417 1959 625 2004 dicendum,
647 1964 744 2010 quod
767 1977 899 2013 corpus
926 1979 1160 2017 comparatur
1181 1974 1223 2008 ad
1253 1976 1426 2021 animam,
1449 1979 1540 2015 sicut
1562 1993 1635 2017 ma-

63 2007 153 2044 teria
172 2009 218 2045 ad
234 2009 410 2047 formam:
431 2024 524 2060 quae
546 2015 611 2050 etsi
633 2017 678 2051 sit
700 2020 879 2064 posterior
891 2022 1018 2058 ordine
1037 2027 1293 2070 generationis,
1316 2039 1369 2065 est
1390 2039 1513 2068 tamen
1536 2037 1634 2082 prior

65 2061 192 2099 ordine
217 2063 462 2111 perfectionis,
484 2075 520 2103 et
544 2076 713 2105 naturae:
742 2074 895 2108 essentia
924 2084 1045 2112 autern
1074 2080 1216 2116 animae
1244 2094 1476 2131 comparatur
1503 2089 1546 2123 ad
1573 2101 1634 2136 po-

62 2115 206 2160 tentias,
222 2117 316 2154 sicut
335 2119 496 2166 subjecta
515 2122 558 2156 ad
582 2124 782 2159 accidentia
801 2128 957 2174 propria,
979 2142 1071 2177 quac
1093 2144 1175 2169 sunt
1193 2137 1395 2181 posteriora
1416 2141 1578 2186 subjecto
1598 2152 1633 2179 et

64 2168 190 2205 ordine
210 2172 466 2217 generationis,
485 2182 520 2209 et
541 2175 650 2211 ctiam
673 2178 922 2225 perfectionis3
945 2184 1039 2219 unde
1061 2197 1133 2220 non
1157 2197 1210 2223 est
1229 2191 1356 2226 similis
1378 2195 1480 2228 ratio.

133 2221 195 2258 Au
215 2233 404 2264 QUARTUM
425 2226 633 2271 dicendum,
648 2231 745 2277 quod
765 2235 1060 2282 concupiscentia
1082 2251 1120 2274 se
1142 2241 1251 2278 habet
1265 2246 1510 2291 materialiter,
1532 2259 1567 2285 ct
1588 2262 1629 2286 ex

64 2277 302 2324 consequenti
322 2279 358 2315 in
379 2288 538 2334 peccato·
555 2283 736 2330 originali,
759 2294 796 2321 ut
817 2298 924 2335 supra
946 2290 1082 2327 dictum
1106 2302 1160 2329 est
1182 2295 1227 2343 (q.
1249 2298 1304 2333 32.
1326 2305 1390 2334 art.
1407 2302 1466 2347 3.).

613 2413 958 2463 ARTICULUS
994 2421 1072 2466 III.
1558 2446 1628 2490 446

74 2483 247 2546 ‘UTRUH
270 2515 509 2550 PBCCATUM
534 2519 776 2555 ORIGINALE
801 2526 878 2557 PER
907 2528 1027 2560 Parus
1055 2531 1249 2565 INFICIAT
1277 2536 1595 2583 VOLUNTATEM,

74 2600 100 2624 ,f
557 2586 682 2624 QUAM
715 2589 839 2621 ALIAS
872 2592 1134 2629 POTENTIAS.

309 2668 414 2716 (Insr.
434 2676 499 2708 art.
519 2684 551 2718 4.
567 2673 610 2708 ad
623 2686 650 2710 1.
669 2681 698 2710 ct
714 2687 744 2711 2.
764 2677 851 2713 Dist.
864 2692 915 2726 3⁰·
930 2693 960 2728 q.
977 2694 1002 2718 1.
1017 2688 1081 2718 art.
1093 2697 1121 2731 3.
1136 2694 1224 2734 corp.
1239 2694 1269 2723 c!
1283 2689 1326 2724 ad
1341 2702 1374 2735 4.

70 2722 83 2783 ὲ
107 2765 109 2769 ι
124 2726 125 2729 ’
209 2725 242 2758 et
260 2721 348 2759 Veri.
361 2734 393 2770 q.
410 2735 458 2772 25.
471 2730 536 2761 art.
552 2727 585 2761 6.
600 2734 690 2775 corp.
706 2734 737 2765 et
749 2742 779 2777 q.
795 2743 847 2779 27.
862 2739 928 2769 art.
942 2736 975 2771 6.
990 2736 1034 2771 ad
1049 2749 1079 2773 2.
1094 2743 1122 2773 ct
1137 2740 1219 2777 Mal.
1235 2754 1265 2788 q.
1280 2754 1312 2786 4.
1327 2749 1390 2779 art.
1410 2746 1468 2791 3.).

130 2807 192 2846 ΑΒ
212 2820 385 2848 ’rem-mu
406 2813 499 2850 sicut
519 2817 736 2862 proceditur.
759 2819 920 2866 Videtur,
935 2826 1031 2872 quod
1051 2838 1241 2875 peccatum
1264 2833 1441 2878 originale
1468 2848 1540 2872 non
1561 2850 1624 2885 pcr

175 2862 317 2902 inficis·
331 2865 571 2911 voluntatem,
592 2881 701 2918 quam
724 2872 812 2909 alias
838 2879 1035 2922 potentias:
1052 2882 1172 2918 bmnc
1194 2885 1291 2920 enim
1319 2897 1508 2934 peccatum
1532 2893 1624 2938 prin·

156 2914 166 2926 ⁸
242 2918 397 2966 pertinet
416 2920 460 2956 ad
482 2923 695 2969 potentiam,
715 2937 779 2973 per
798 2930 900 2975 cujus
917 2940 1038 2968 actum
1061 2945 1248 2974 causatur:
1267 2940 1327 2975 sed
1350 2952 1540 2988 peccatum
1556 2946 1623 2981 ori-

201 2996 232 3027 3.
251 2998 374 3029 Tuom
394 3001 499 3030 Smne
525 3003 685 3041 Thaletica.
706 3007 771 3036 Vol.
794 3008 829 3037 Il.
1447 3034 1477 3060 39
