1923 3198
0 1062 1 1067 Α
0 780 8 1044 ffi—vv—v-—vw

0 1851 11 2046 §vv-*n*
0 1823 3 1826 ’

569 229 789 266 QUAESTIO
821 230 848 260 1.
882 230 1128 261 ARTICULUS
1163 231 1206 261 11.
1622 233 1672 264 21

106 311 180 358 agit
200 319 346 358 propter
367 310 475 345 finem
489 310 677 357 ignotum:
692 311 754 346 sed
770 311 884 346 multa
906 320 998 354 sunt,
1021 323 1113 358 quae
1134 323 1208 346 non
1224 321 1453 358 cognoscunt
1471 312 1600 356 finem;
1619 314 1677 349 vel

105 365 188 411 quia
209 365 361 399 omnino
391 373 515 399 carent
544 364 766 410 cognitione,
800 365 892 400 sicut
914 373 1099 400 creaturae
1130 366 1372 408 insensibiles;
1400 366 1459 401 vel
1488 368 1571 413 quia
1601 379 1675 402 non

105 418 379 465 apprehendunt
399 418 577 452 rationem
592 417 682 459 finis,
698 418 790 453 sicut
804 418 906 453 bruta
929 419 1120 461 animalia3
1135 420 1276 454 videtur
1293 432 1381 467 ergo
1397 422 1582 468 proprium
1599 433 1676 456 esse

105 471 290 506 rationalis
311 479 460 506 naturae
483 482 590 517 agere
612 480 759 518 propter
780 471 900 506 finem.

175 535 206 560 2.
221 525 457 560 PRAETEREA.
474 525 594 571 Agere
616 533 762 570 propter
784 524 892 560 finem
908 533 961 560 est
975 525 1142 560 ordinare
1165 538 1268 560 suam
1285 527 1468 562 actionem
1485 528 1528 562 ad
1547 528 1676 572 finem;

103 578 165 614 sed
186 578 258 613 hoc
282 586 335 613 est
356 579 504 613 rationis
527 589 636 625 opus;
659 589 747 624 ergo
769 590 842 613 non
866 579 1037 614 convenit
1058 579 1125 621 his,
1147 591 1239 626 quae
1262 581 1400 615 ratione
1420 590 1553 616 carent.

176 643 205 678 3.
226 631 462 667 PRAETEREA.
487 632 642 673 Bonum,
665 640 699 666 et
729 631 808 666 finis
831 640 883 666 est
905 633 1089 677 objectum
1119 633 1336 668 voluntatis:
1360 635 1421 669 sed
1444 635 1612 671 voluntas
1639 637 1674 671 in

101 685 240 720 ratione
262 693 327 727 est,
350 694 386 720 ut
407 685 536 720 dicitur
565 685 601 719 in
627 696 655 731 3.
678 685 722 720 de
744 685 879 720 Anima
901 686 982 731 (tax.
1015 687 1111 731 42.);
1139 698 1227 733 ergo
1259 699 1365 733 agere
1387 697 1534 735 propter
1565 689 1674 724 finem

100 750 175 774 non
195 747 249 774 est
269 738 337 773 nisi
359 738 546 773 rationalis
568 746 728 773 naturae.
946 782 953 788 θ

172 791 248 828 SED
270 803 425 828 CONTRA
453 800 516 834 est,
547 792 643 838 quod
667 791 912 838 Philosophus
935 793 1063 839 probat
1087 793 1122 827 in
1146 803 1176 828 2.
1200 793 1344 841 Physic.
1367 796 1446 840 (tex.
1469 797 1556 842 49),
1577 797 1673 843 quod

99 856 175 882 non
195 844 317 881 solum
338 845 552 887 intellectus,
574 845 636 880 sed
658 845 767 880 etiam
790 854 917 880 natura
940 846 1013 892 agit
1034 855 1180 893 propter
1202 847 1323 882 finem.

170 899 401 940 RESPONDEO
424 899 631 941 dicendum,
649 899 746 945 quod
769 901 882 934 omnia
904 901 1035 945 agentia
1062 912 1179 936 necessa
1205 906 1248 936 est
1273 913 1368 947 agere
1391 908 1529 949 propter
1546 904 1673 950 finem:

99 964 292 988 causarum
313 953 411 988 enirn
429 952 472 987 ad
488 952 645 987 invicem
660 953 907 987 ordinatarum
923 953 951 987 si
967 954 1083 1000 prima
1097 955 1338 997 subtrahatur,
1354 966 1501 991 necesse
1517 965 1570 991 est
1585 957 1674 992 alias

98 1006 271 1042 subtrahi.
293 1005 416 1041 Prima
437 1014 558 1041 autern
581 1006 673 1041 inter
695 1017 823 1041 omnes
846 1018 973 1041 causas
995 1015 1048 1042 est
1075 1019 1183 1042 causa
1206 1008 1340 1043 finalis:
1365 1010 1467 1054 cujus
1490 1011 1581 1045 ratio
1609 1019 1673 1053 est,

98 1060 182 1108 quia
195 1060 347 1095 materia
360 1071 435 1094 non
446 1060 680 1106 consequitur
693 1059 864 1102 sormam,
879 1060 946 1095 nisi
963 1061 1163 1096 secundum
1178 1062 1275 1108 quod
1292 1071 1459 1097 movetur
1474 1064 1516 1098 ab
1532 1073 1672 1110 agente.

97 1112 200 1148 Nihil
219 1113 318 1148 enirn
351 1113 489 1148 reducit
509 1124 546 1147 se
569 1113 612 1147 de
628 1114 788 1160 potentia
801 1114 835 1148 in
857 1122 1000 1150 actum:
1017 1127 1127 1161 agens
1150 1124 1271 1150 autem
1294 1127 1367 1150 non
1391 1126 1525 1159 movet,
1548 1119 1616 1153 nisi
1631 1130 1673 1153 ex

97 1166 297 1202 intentione
310 1166 401 1201 finis.
424 1165 463 1201 Si
485 1166 583 1201 enim
606 1177 716 1213 agens
738 1178 812 1201 non
828 1176 921 1202 esset
942 1168 1222 1203 determinatum
1246 1170 1289 1204 ad
1310 1170 1468 1217 aliquem
1491 1171 1673 1215 effectum,

97 1231 172 1255 non
193 1220 310 1267 magis
332 1227 455 1266 ageret
472 1220 556 1262 hoc,
578 1231 688 1267 quam
707 1220 814 1255 illud:
836 1221 879 1255 ad
895 1222 966 1256 hoc
983 1233 1070 1268 ergo
1086 1223 1182 1269 quod
1205 1223 1487 1259 determinatum
1502 1225 1673 1260 effectum

96 1273 284 1321 producat,
304 1284 454 1309 necesse
473 1281 526 1308 est
540 1273 638 1320 quod
660 1273 920 1309 determinetur
938 1275 982 1309 ad
1002 1275 1135 1322 aliquid
1153 1285 1304 1319 certum,
1323 1278 1419 1324 quod
1439 1279 1548 1313 habet
1570 1279 1675 1314 ratio-

96 1337 182 1362 nem
202 1327 300 1362 finis:
323 1326 413 1362 haec
437 1335 559 1362 autem
581 1327 836 1362 determinatio
859 1329 951 1363 sicut
972 1329 1007 1363 in
1031 1330 1199 1364 rationali
1221 1339 1348 1366 natura
1371 1344 1435 1378 per
1456 1333 1672 1368 rationalem

96 1380 136 1416 fit
155 1381 367 1429 appetitum,
381 1382 442 1428 qui
456 1381 587 1416 dicitur
607 1380 795 1424 voluntas;
811 1382 858 1416 ita
873 1382 909 1416 in
925 1382 1003 1417 aliis
1025 1383 1063 1418 fit
1084 1395 1148 1430 per
1161 1384 1438 1421 inclinationem
1455 1388 1672 1430 naturalem,

97 1445 190 1483 quae
211 1435 341 1470 dicitur
362 1434 539 1482 appetitus
559 1434 744 1470 naturalis.

169 1487 313 1524 Tamen
343 1488 649 1524 considerandum
672 1496 736 1531 est,
759 1490 856 1536 quod
878 1489 1012 1536 aliquid
1032 1502 1095 1525 sua
1117 1492 1272 1534 actione,
1295 1493 1351 1527 vel
1372 1502 1474 1528 motu
1496 1495 1610 1530 tendit
1629 1496 1671 1530 ad

96 1542 207 1578 finem
227 1542 414 1590 dupliciter.
443 1542 515 1577 Uno
537 1542 646 1585 modo,
674 1543 767 1578 sicut
788 1543 947 1589 seipsum
976 1544 1019 1578 ad
1051 1544 1160 1579 finem
1188 1557 1352 1588 movens,
1380 1555 1418 1582 ut
1439 1548 1567 1584 homo.
1591 1550 1670 1584 Alio

96 1595 206 1640 modo,
228 1596 322 1632 sicut
342 1595 386 1630 ab
413 1595 486 1631 alio
508 1604 651 1631 motum
687 1597 730 1631 ad
757 1596 889 1640 finem,
911 1598 1003 1632 sicut
1024 1599 1153 1644 sagitta
1176 1600 1290 1634 tendit
1321 1601 1364 1635 ad
1391 1601 1672 1637 determinatum

95 1649 207 1685 finem
223 1661 267 1685 ex
286 1649 359 1684 hoc
381 1650 479 1696 quod
497 1657 665 1684 movetur
678 1661 696 1684 a
716 1650 921 1696 sagittante,
932 1651 992 1698 qui
1009 1663 1114 1686 suam
1134 1653 1317 1688 actionem
1340 1655 1461 1700 dirigit
1482 1656 1517 1690 in
1541 1656 1666 1691 finem:

96 1703 157 1740 illa
180 1715 270 1750 ergo
290 1714 383 1751 quae
404 1705 584 1738 rationem
601 1703 747 1746 habent,
769 1705 886 1751 seipsa
907 1714 1057 1740 movent
1084 1707 1127 1740 ad
1150 1706 1278 1750 finem;
1298 1709 1381 1754 quia
1403 1709 1538 1744 habent
1560 1711 1673 1745 domi-

97 1759 200 1793 nium
225 1769 377 1794 suorum
399 1765 546 1792 actuum
572 1769 635 1804 per
656 1757 809 1792 liberum
833 1759 1032 1801 arbitrium,
1060 1760 1157 1806 quod
1180 1768 1233 1795 est
1252 1762 1402 1808 facultas
1425 1763 1619 1806 voluntatis,
1643 1770 1673 1800 et

95 1813 256 1848 rationis:
277 1810 340 1846 illa
361 1821 461 1855 vero,
483 1822 575 1858 quae
597 1811 737 1846 ratione
759 1820 894 1855 carent,
915 1813 1068 1848 tendunt
1091 1814 1127 1847 in
1154 1813 1265 1849 finem
1297 1824 1443 1862 propter
1467 1817 1670 1852 naturalem

92 1864 381 1908 inclinationem,
393 1866 495 1912 quasi
510 1865 554 1899 ab
573 1864 645 1900 alio
664 1873 776 1907 mota,
799 1877 872 1900 non
894 1874 1018 1901 tamen
1037 1878 1056 1900 a
1071 1868 1216 1914 seipsis:
1237 1880 1320 1903 cum
1343 1880 1418 1904 non
1440 1881 1668 1917 cognoscant

94 1918 276 1954 rationem
296 1918 394 1954 finis:
421 1926 457 1953 et
481 1918 564 1954 ideo
592 1918 681 1953 nihil
704 1919 739 1953 in
763 1918 872 1954 finem
896 1920 1064 1955 ordinare
1092 1929 1254 1967 possunt,
1273 1923 1335 1957 sed
1358 1923 1479 1958 solum
1499 1925 1533 1958 in
1557 1925 1666 1960 finem

94 1972 138 2008 ab
173 1972 246 2008 alio
278 1972 513 2008 ordinantur:
548 1983 634 2007 nam
661 1980 737 2007 tota
768 1973 987 2008 irrationalis
1025 1982 1153 2009 natura
1189 1985 1423 2023 comparatur
1461 1978 1503 2012 ad
1537 1979 1671 2021 Deum,

93 2025 188 2062 sicut
205 2025 487 2061 instrumentum
508 2026 552 2060 ad
575 2037 686 2071 agens
709 2026 918 2073 principale,
941 2035 980 2062 ut
997 2039 1104 2074 supra
1122 2029 1288 2064 habitum
1304 2039 1358 2065 est
1379 2031 1486 2078 (part.
1510 2044 1536 2067 ι.
1559 2044 1590 2079 q.
1612 2045 1666 2068 22.

93 2085 158 2116 art.
174 2091 206 2116 2.
227 2084 258 2115 εἰ
276 2091 307 2127 q.
329 2091 398 2126 105.
419 2085 484 2114 art.
503 2080 562 2126 5.).
585 2079 629 2114 Et
648 2080 730 2114 ideo
750 2081 937 2126 proprium
960 2089 1013 2116 est
1034 2090 1184 2117 naturae
1207 2083 1406 2127 rationalis,
1430 2092 1468 2119 ut
1488 2087 1612 2120 tendat
1633 2086 1669 2121 in

93 2133 216 2177 finem,
236 2133 341 2180 quasi
360 2143 399 2168 se
420 2144 544 2179 agens,
562 2133 619 2167 vel
641 2134 778 2168 ducens
800 2135 843 2168 ad
872 2134 1001 2177 finem3
1027 2143 1178 2171 naturae
1202 2147 1290 2171 vero
1317 2138 1548 2181 irrationalis,
1567 2142 1668 2186 quasi

93 2188 136 2222 ab
155 2187 228 2223 alio
250 2194 341 2229 acta,
361 2186 420 2221 vel
438 2186 652 2228 ducta;sive
675 2187 710 2221 in
731 2186 839 2221 finem
863 2189 1144 2235 apprehensum,
1163 2190 1255 2225 sicut
1269 2191 1372 2226 bruta
1395 2192 1668 2236 animalia;sive

93 2241 129 2276 in
151 2240 262 2276 finem
282 2251 358 2275 non
377 2240 655 2286 apprehensum,
682 2240 775 2275 sicut
797 2252 851 2283 ea,
873 2253 966 2288 quae
988 2243 1140 2278 omnino
1157 2245 1369 2289 cognitione
1391 2255 1525 2281 carent.

163 2295 226 2330 An
245 2304 398 2330 pamma
417 2304 504 2339 ergo
522 2293 727 2338 dicendum,
749 2295 846 2341 quod
861 2296 1007 2342 quando
1020 2296 1136 2332 homo
1148 2308 1210 2344 per
1221 2298 1380 2345 seipsum
1403 2300 1477 2346 agit
1494 2300 1555 2345 [al.
1571 2301 1668 2336 homo

91 2349 232 2396 seipsum
259 2349 340 2395 agit,
368 2355 404 2382 et
429 2347 475 2382 al.
502 2347 589 2394 quod
613 2348 710 2382 homo
737 2348 869 2394 quando
892 2355 952 2396 per
975 2362 1006 2384 se
1031 2351 1117 2396 agit]
1147 2359 1295 2398 propter
1325 2352 1447 2395 finem,
1475 2355 1667 2399 cognoscit

92 2401 222 2438 finem:
244 2401 306 2437 sed
328 2401 475 2449 quando
504 2401 547 2435 ab
575 2400 647 2436 alio
681 2402 810 2448 agitur,
841 2402 899 2437 vel
921 2403 1075 2446 ducitur,
1095 2413 1179 2451 puta
1202 2417 1287 2440 cum
1310 2407 1384 2453 agit
1406 2408 1449 2442 ad
1472 2408 1666 2455 imperium

91 2455 319 2499 alterius,ve1
340 2466 425 2490 curn
447 2463 615 2490 movetur
645 2455 760 2490 altero
793 2456 1016 2503 impellente,
1042 2469 1116 2493 non
1139 2468 1192 2494 est
1213 2461 1461 2496 necessarium
1483 2463 1579 2509 quod
1603 2474 1660 2497 co—

92 2517 246 2557 gnoscat
265 2507 392 2544 finem:
415 2516 453 2544 et
472 2508 521 2544 ita
543 2517 596 2544 est
618 2509 653 2543 in
676 2510 848 2545 creaturis
870 2511 1150 2547 irrationalibus.
1221 2547 1223 2549 ,

162 2563 224 2599 AD
245 2572 453 2599 SECUNDUM
475 2562 679 2606 dicendum,
699 2563 796 2609 quod
819 2564 986 2599 ordinare
1009 2565 1044 2599 in
1068 2565 1177 2600 finem
1197 2575 1249 2601 est
1276 2569 1363 2613 ejus,
1385 2569 1482 2615 quod
1506 2570 1665 2616 scipsum

91 2616 168 2664 agit
186 2616 224 2652 in
244 2615 372 2651 finem:
394 2616 471 2662 ejus
492 2626 592 2658 ver0,
615 2617 712 2662 quod
735 2617 778 2651 ab
801 2617 873 2652 alio
896 2618 1014 2663 agitur
1034 2619 1070 2653 in
1094 2619 1215 2662 finem,
1231 2629 1284 2656 est
1306 2622 1466 2656 ordinari
1485 2623 1519 2657 in
1543 2623 1665 2666 finem3

90 2670 188 2718 quod
208 2677 328 2718 potest
347 2679 427 2705 esse
446 2669 666 2705 irrationalis
687 2679 849 2713 naturae,
876 2672 938 2706 sed
962 2672 1004 2706 ab
1029 2672 1151 2719 aliquo
1175 2674 1354 2709 rationem
1378 2676 1543 2711 habente.

162 2723 224 2760 AD
237 2733 409 2759 τεκτιυΜ
435 2722 642 2766 dicendum,
669 2724 766 2770 quod
789 2724 972 2770 objectum
1000 2726 1198 2762 voluntatis
1220 2736 1273 2762 est
1295 2728 1385 2770 finis,
1408 2737 1443 2763 et
1463 2730 1601 2765 bonum
1629 2731 1664 2765 in

85 2774 302 2813 'universam
324 2776 420 2811 unde
437 2787 513 2812 non
532 2784 651 2823 potest
671 2787 749 2812 esse
771 2777 941 2814 voluntas
968 2779 1003 2813 in
1026 2780 1093 2822 his,
1120 2791 1212 2827 quae
1236 2790 1359 2816 carent
1386 2783 1538 2826 ratione,
1560 2793 1595 2819 et
1617 2785 1665 2819 in-

88 2829 247 2874 aflectu,
268 2841 353 2866 cum
374 2840 449 2865 non
468 2830 608 2877 possint
633 2831 906 2877 apprehendere
933 2833 1156 2868 universale:
1181 2835 1241 2868 sed
1266 2843 1319 2869 est
1346 2835 1380 2870 in
1404 2836 1454 2870 eis
1483 2838 1661 2884 appetitus

86 2882 275 2928 maru,
294 2883 354 2919 vel
373 2883 564 2921 sensitivus
598 2883 859 2921 determinatus
881 2885 925 2920 ad
948 2886 1094 2933 aliquod
1125 2887 1262 2922 bonum
1298 2889 1524 2934 particulare.
1553 2891 1666 2926 Mani-

87 2934 221 2976 fatum
241 2945 363 2974 autem
385 2944 450 2979 est,
476 2937 573 2984 quod
600 2937 835 2984 particulares
869 2949 1001 2976 causae
1035 2948 1230 2976 moventur
1257 2953 1276 2975 a
1303 2952 1412 2977 causa
1447 2943 1661 2979 universali:

237 3018 266 3048 S.
286 3017 410 3047 Τιιοκιι
432 3018 537 3047 samma
564 3018 726 3055 Theologn‘ca.
748 3019 812 3047 Vol.
838 3020 872 3047 ll.
1511 3035 1520 3059 3
