1907 3182
246 145 332 188 402
664 142 886 178 QUAESTIO
922 142 1038 172 LVIII.
1072 141 1316 171 ARTICULUS
1349 141 1392 171 11.

247 225 440 272 agendum,
473 231 693 271 sequeretur,
727 223 824 270 quod
847 223 883 258 in
908 222 988 257 sola
1021 222 1160 257 ratione
1187 231 1291 265 esset,
1314 230 1348 257 et
1380 222 1430 257 sic
1452 221 1551 257 nulla
1571 222 1683 258 virtus
1704 231 1810 266 esset,

246 279 315 313 nisi
335 278 558 313 intellectus:
582 285 616 312 et
636 277 726 311 haec
749 276 815 311 fuit
837 277 961 323 opinio
985 276 1156 318 Socratis,
1172 276 1233 322 qui
1254 276 1350 318 dixit,
1373 288 1480 311 omnes
1500 278 1636 312 virtutes
1656 289 1717 312 esse
1730 282 1811 323 pru-

245 333 381 375 dentias,
401 340 439 366 ut
460 332 588 366 dicitur
610 333 645 365 in
667 329 698 365 6.
722 330 837 364 Ethic.
861 331 952 377 (cap.
974 330 1072 375 ult.);
1096 330 1190 364 unde
1211 330 1380 376 ponebat,
1402 329 1500 376 quod
1520 330 1646 373 homo,
1661 329 1811 365 scientia

245 386 282 420 in
316 397 359 420 eo
388 385 572 427 existente,
599 395 750 431 peccare
784 395 858 417 non
889 391 1040 429 poterat,
1075 383 1137 417 sed
1177 384 1394 430 quicumque
1421 384 1605 430 peccabat,
1638 383 1812 430 peccabat

246 447 394 486 propter
414 439 670 485 ignorantiam.
688 438 768 471 Hoc
785 445 905 470 autem
923 436 1086 483 procedit
1107 447 1148 470 ex
1164 437 1410 483 suppositione
1425 436 1524 471 falsi:
1538 448 1620 483 pars
1641 437 1740 472 enim
1755 449 1812 483 ap-

247 493 393 540 petitiva
416 492 538 526 obedit
555 491 686 526 rationi
701 502 774 524 non
791 490 942 524 omnino
965 490 1008 523 ad
1022 498 1161 532 nutum,
1177 490 1238 524 sed
1261 501 1344 524 cum
1366 490 1485 536 aliqua
1506 490 1812 533 contradictione3

247 546 342 580 unde
364 545 456 580 Phil.
481 545 565 579 dicit
587 545 623 578 in
654 555 681 578 1.
704 543 782 577 Pol.
806 544 894 589 (cap.
919 556 946 590 3.
971 555 990 577 α
1004 543 1101 585 med.)
1125 543 1222 589 quod
1244 545 1330 578 ratio
1346 545 1485 590 imparat
1506 546 1703 591 apPetitivae
1721 545 1814 590 prin-

248 601 358 646 cipatzc
373 599 521 645 politico,
556 609 627 644 quo
650 597 788 631 scilicet
826 596 953 643 aliquis
980 605 1122 643 praeest
1150 596 1281 639 liberis,
1309 597 1370 643 qui
1395 597 1529 632 habent
1548 599 1603 643 jus
1626 598 1662 631 in
1690 597 1811 644 aliquo

249 652 538 693 contradicendi3
561 651 655 685 unde
676 651 770 696 Aug.
787 650 872 684 dicit
893 662 1000 696 super
1013 649 1107 684 Psal.
1128 650 1203 684 118.
1221 649 1326 694 (conc.
1342 651 1373 685 8.
1390 652 1468 685 circ.
1482 651 1578 697 fin),
1599 651 1696 697 quod
1717 652 1814 685 inter-

249 707 325 742 dum
346 706 514 754 praecedit
541 705 730 747 intellectus,
753 710 782 739 et
802 705 948 750 sequitur
970 703 1093 745 tardus,
1117 709 1174 738 aut
1195 704 1302 739 nullus
1323 704 1475 750 affectus:
1503 705 1538 738 in
1556 712 1697 738 tantum
1715 703 1812 750 quod

249 761 464 807 quandoque
495 758 732 805 passionibus,
756 757 814 791 vel
835 757 1013 792 habitibus
1045 757 1257 804 appetitivae
1288 757 1396 804 partis
1423 757 1494 791 hoc
1517 758 1644 804 agitur,
1665 765 1704 792 ut
1728 769 1812 792 usus

249 814 397 848 rationis
418 813 455 847 in
477 812 684 859 particulari
717 812 953 858 impediatur3
984 819 1018 845 et
1039 811 1240 845 secundum
1270 811 1341 845 hoc
1369 810 1571 858 aliqualiter
1595 822 1722 845 verum
1748 819 1812 853 est,

250 867 345 913 quod
369 867 536 901 Socrates
565 866 662 907 dixit,
689 865 786 911 quod
811 867 946 900 scientia
967 869 1138 912 praesente
1164 876 1229 898 non
1246 870 1418 911 peccatur,
1441 865 1470 899 si
1490 873 1614 899 tamen
1639 865 1730 899 haec
1758 876 1814 899 ex-

249 921 414 956 tendatur
436 931 547 966 usque
571 920 614 953 ad
641 931 748 953 usum
775 919 922 952 rationis
947 918 982 952 in
1005 917 1211 965 particulari
1234 917 1392 964 eligibili.

321 975 379 1008 Sic
402 974 509 1019 igitur
531 973 574 1007 ad
595 973 666 1007 hoc
690 972 786 1018 quod
806 973 920 1006 homo
939 973 1030 1006 bene
1050 980 1143 1017 agat,
1158 972 1358 1017 requiritur,
1378 971 1474 1018 quod
1493 983 1567 1006 non
1586 971 1706 1006 solum
1720 971 1812 1006 ratio

250 1029 294 1063 sit
314 1028 404 1062 bene
432 1027 604 1073 disposita
625 1038 687 1073 per
707 1026 870 1060 habitum
892 1026 1032 1059 virtutis
1059 1024 1323 1068 intellectualis,
1345 1025 1407 1059 sed
1430 1026 1540 1059 etiam
1562 1026 1658 1072 quod
1678 1026 1732 1060 vis
1755 1037 1811 1072 ap-

249 1082 395 1129 petitiva
417 1081 462 1115 sit
482 1081 571 1114 bene
594 1080 765 1126 disposita
787 1091 851 1126 per
871 1079 1036 1113 habitum
1055 1078 1194 1112 virtutis
1214 1078 1381 1114 moralis:
1399 1079 1490 1113 sicut
1508 1080 1616 1125 igitur
1635 1079 1813 1126 appetitus

250 1135 478 1181 distinguitur
499 1146 518 1168 a
540 1134 698 1176 ratione;
717 1133 765 1167 ita
787 1133 898 1167 virtus
929 1131 1077 1166 moralis
1106 1132 1336 1178 distinguitur
1363 1132 1404 1166 ab
1436 1131 1694 1175 intellectuali;
1720 1133 1814 1167 unde

250 1189 341 1223 sicut
363 1187 539 1234 appetitus
562 1195 615 1222 est
635 1187 852 1233 principium
873 1186 1025 1220 humani
1047 1193 1147 1220 actus
1173 1186 1374 1220 secundum
1400 1186 1472 1220 hoc
1499 1179 1596 1232 quod
1623 1186 1814 1233 participat

251 1242 453 1289 aliqualiter
474 1242 674 1284 rationem;
700 1241 747 1275 ita
774 1240 916 1275 habitus
944 1239 1092 1274 moralis
1118 1239 1228 1274 habet
1252 1240 1431 1275 rationem
1453 1240 1593 1275 virtutis
1619 1240 1814 1283 humanae,

251 1297 465 1343 inquantum
484 1295 615 1330 rationi
638 1294 897 1329 conformatur.

323 1350 382 1391 AD
404 1360 552 1384 PRIMUM
575 1359 662 1394 ergo
685 1348 891 1390 dicendum,
907 1347 1003 1394 quod
1025 1347 1178 1393 August.
1200 1347 1444 1382 communiter
1461 1346 1593 1393 accipit
1614 1355 1728 1381 artem
1750 1358 1815 1394 pro

255 1403 413 1451 qualibet
431 1411 527 1437 recta
549 1402 706 1436 ratione:
739 1409 772 1436 et
801 1403 851 1435 sic
882 1402 946 1435 sub
981 1409 1055 1435 arte
1083 1400 1277 1435 includitur
1299 1401 1409 1435 etiam
1430 1400 1630 1448 prudentia,
1653 1412 1744 1447 quae
1766 1401 1816 1435 ita

255 1466 307 1493 est
328 1465 426 1492 recta
447 1457 538 1491 ratio
561 1455 759 1502 agibilium,
782 1455 872 1489 sicut
900 1466 955 1488 ars
978 1462 1030 1488 est
1050 1462 1148 1489 recta
1175 1454 1266 1488 ratio
1292 1453 1526 1489 factibilium:
1555 1462 1590 1488 et
1614 1454 1815 1488 secundum

253 1512 323 1545 hoc
347 1511 443 1557 quod
463 1510 558 1551 dicit,
581 1509 677 1555 quod
699 1509 810 1542 virtus
833 1516 885 1542 est
907 1520 962 1542 ars
984 1517 1080 1542 recte
1102 1508 1257 1550 vivendi,
1285 1507 1521 1542 essentialiter
1543 1507 1712 1542 convenit
1739 1519 1817 1554 pru-

254 1565 407 1607 dentiae,
430 1563 675 1610 participative
699 1570 819 1596 autem
843 1562 920 1596 aliis
942 1561 1142 1604 virtutibus,
1166 1569 1272 1607 prout
1293 1561 1493 1596 secundum
1516 1561 1745 1607 prudentiam
1768 1561 1816 1595 di-

255 1619 426 1665 riguntur.

325 1673 383 1706 An
406 1682 611 1706 SECUNDUM
635 1670 840 1711 dicendum,
863 1669 959 1715 quod
981 1668 1070 1703 tales
1093 1668 1333 1711 definitiones,
1361 1680 1380 1702 a
1407 1669 1694 1715 quibuscumque
1721 1668 1817 1703 inve-

253 1727 396 1760 niantur
418 1726 532 1766 datae,
555 1731 807 1770 processerunt
837 1735 878 1757 ex
908 1723 1080 1769 opinione
1109 1722 1304 1765 socratica,
1332 1730 1366 1756 et
1395 1730 1478 1756 sunt
1507 1722 1742 1769 exponendae
1773 1733 1817 1756 eo

255 1780 378 1821 modo,
402 1790 472 1825 quo
496 1779 538 1812 de
561 1786 636 1812 arte
659 1777 882 1824 praedictum
906 1784 958 1810 est
979 1777 1031 1821 (in
1052 1776 1145 1810 solut.
1163 1776 1308 1823 praest).

326 1833 369 1867 Et
391 1832 556 1867 similiter
577 1832 770 1865 dicendum
794 1839 845 1864 est
866 1841 916 1865 AD
940 1841 1122 1865 TERTIUM.

325 1887 384 1921 AD
408 1896 595 1926 QUARTUM
617 1885 822 1926 dicendum,
838 1884 935 1930 quod
952 1890 1039 1919 recta
1056 1885 1154 1926 ratio,
1175 1894 1266 1930 quae
1285 1891 1338 1918 est
1355 1883 1556 1918 secundum
1577 1883 1818 1930 prudentiam,

255 1941 398 1988 ponitur
419 1941 455 1974 in
477 1939 684 1973 definitione
707 1938 845 1972 virtutis
868 1937 1028 1980 moralis,
1051 1949 1124 1972 non
1146 1946 1335 1984 tamquam
1353 1949 1434 1984 pars
1452 1938 1628 1972 essentiae
1647 1939 1735 1984 ejus,
1756 1938 1819 1972 sed

256 1995 347 2029 sicut
361 1993 530 2040 quiddam
555 1993 807 2039 participatum
830 1992 865 2025 in
888 1992 1056 2026 omnibus
1070 1991 1257 2026 virtutibus
1274 1991 1490 2034 moralibus3
1509 1991 1724 2038 inquantum
1741 2003 1820 2038 pru-

257 2048 376 2083 dentia
399 2047 518 2093 dirigit
540 2057 667 2081 omnes
690 2046 838 2080 virtutes
860 2044 1028 2079 morales.

810 2169 1154 2214 ARTICULUS
1189 2169 1268 2212 111.
1755 2192 1818 2228 309

400 2273 556 2303 UTRUM
578 2273 888 2303 SUFFICIENTER
909 2272 1065 2302 VIRTUS
1090 2272 1332 2302 DIVIDATUR
1355 2272 1434 2302 PER
1457 2271 1682 2311 MORALEM,

791 2338 846 2367 ET
876 2337 1287 2368 INTELLECTUALEM.

330 2421 390 2456 AD
414 2430 583 2455 rERTmM
607 2419 656 2454 sic
680 2420 895 2466 proceditur
914 2419 1076 2461 Videtur,
1092 2419 1187 2465 quod
1203 2419 1314 2453 virtus
1332 2419 1492 2452 humana
1511 2429 1585 2453 non
1604 2417 1821 2453 sufficienter

259 2475 437 2510 dividatur
460 2486 520 2520 per
541 2474 709 2508 virtutem
738 2473 927 2515 moralem,
959 2481 993 2507 et
1023 2472 1323 2507 intellectualem·
1354 2464 1540 2518 prudentia
1564 2472 1660 2506 enim
1682 2472 1821 2506 videtur

259 2541 336 2563 esse
359 2528 490 2574 aliquid
516 2527 675 2561 medium
700 2527 789 2561 inter
812 2527 979 2561 xirtutem
1014 2525 1203 2567 moralem,
1234 2534 1268 2560 et
1298 2525 1597 2560 intellectualem:
1627 2536 1822 2559 connume-

259 2590 356 2616 ratur
385 2581 481 2615 enim
510 2581 698 2615 virtutibus
728 2580 1029 2614 intellectualibus
1062 2580 1095 2613 in
1125 2578 1155 2613 6.
1186 2579 1265 2613 Eth.
1296 2581 1382 2625 (rap.
1403 2591 1430 2625 3.
1453 2579 1558 2625 σωκ),
1581 2587 1615 2613 et
1642 2579 1751 2613 etiam
1779 2577 1820 2612 ab

260 2635 428 2669 omnibus
451 2634 693 2668 communiter
716 2642 997 2668 connumeratur
1027 2633 1117 2667 inter
1146 2641 1300 2679 quatuor
1323 2633 1472 2667 virtutes
1495 2631 1708 2674 cardinales,
1730 2642 1820 2678 quae

261 2697 341 2723 sunt
363 2688 531 2730 morales,
554 2696 591 2722 ut
613 2687 703 2721 infra
725 2687 858 2734 patebit
885 2688 931 2732 (q.
956 2688 1006 2721 61.
1030 2692 1093 2721 art.
1117 2687 1178 2730 1.)‚·
1203 2698 1276 2720 non
1299 2697 1387 2732 ergo
1410 2685 1628 2720 sufficienter
1654 2685 1822 2720 dividitur

260 2743 370 2776 virtus
393 2754 454 2788 per
476 2741 770 2782 intellectualem,
793 2749 827 2774 et
851 2740 1039 2783 moralem,
1063 2740 1153 2774 sicut
1175 2752 1237 2786 per
1260 2740 1481 2774 immediata.

333 2806 364 2829 2.
387 2796 621 2830 Pimnmm.
647 2794 892 2835 Continentia,
916 2802 949 2828 et
973 2793 1246 2840 perseverantia,
1263 2802 1297 2828 et
1319 2793 1428 2827 etiam
1450 2792 1622 2840 patientia
1637 2803 1710 2827 non
1726 2802 1822 2826 com-

263 2858 430 2897 putantur
453 2850 542 2884 inter
562 2849 710 2884 virtutes
732 2847 1011 2889 intellectuale53
1035 2859 1099 2882 nec
1122 2847 1230 2882 etiam
1253 2855 1335 2882 sunt
1355 2847 1504 2882 virtutes
1533 2845 1709 2890 morales;
1739 2845 1820 2892 quia
