1907 3198
520 186 746 222 QUAESTIO
781 185 870 215 XLI.
905 184 1154 215 ARTICULUS
1190 184 1217 214 Ι.
1585 183 1665 226 301

78 269 158 304 dum
178 268 338 315 systolem,
362 268 455 303 idest
476 269 786 310 contractionem,
807 269 958 303 essentiae
984 267 1231 302 desiderativa:
1259 266 1323 301 sed
1349 265 1450 300 nulla
1476 265 1590 300 virtus
1619 274 1672 300 est

80 322 214 370 passio,
236 330 276 356 ut
296 322 470 369 probatur
490 323 528 356 in
551 333 581 356 2.
605 322 686 357 Eth.
710 323 802 370 (cap.
820 323 866 369 5.)
880 335 891 362 ,·
914 333 1002 367 ergo
1025 322 1136 356 timor
1159 333 1234 355 non
1257 329 1312 356 est
1332 320 1466 367 passio.

154 386 187 411 2.
202 375 444 412 PRAETEREA.
466 376 601 412 Omnis
616 377 738 423 passio
757 385 811 411 est
829 375 979 411 effectus
999 387 1041 410 ex
1060 375 1265 422 praesentia
1280 374 1421 420 agentis
1436 373 1671 420 proveniens:

78 430 142 466 sed
162 430 274 465 timor
295 441 371 465 non
393 438 447 465 est
475 430 519 465 de
550 430 673 477 aliquo
700 430 892 477 praesenti,
921 430 982 464 sed
1011 429 1055 463 de
1082 429 1216 471 futuro,
1247 439 1285 463 ut
1314 429 1488 462 Damasc.
1519 427 1608 461 dicit
1636 427 1672 460 in

79 495 111 519 2.
133 483 194 518 lib.
217 484 337 530 (Orth.
358 484 434 520 Fid.
457 491 531 532 cap.
555 488 622 530 12.)
636 499 646 520 .·
674 496 762 531 ergo
784 487 896 519 timor
917 495 991 518 non
1016 492 1070 518 est
1090 483 1224 530 passio.

154 549 183 585 3.
215 538 456 574 PRAETEREA.
486 539 621 575 Omnis
648 540 769 586 passio
798 539 942 574 animae
970 547 1024 573 est
1051 546 1173 572 motus
1202 537 1381 584 appetitus
1411 535 1584 577 senshivi,
1613 534 1672 581 qui

77 593 240 639 sequitur
258 593 590 640 apprehensionem
617 605 763 629 sensus:
790 604 916 628 sensus
935 600 1057 627 autem
1076 603 1152 626 non
1174 599 1229 626 est
1247 590 1533 637 apprehensivus
1551 588 1673 630 futuri,

77 647 142 682 sed
168 647 388 693 praesentis;
416 659 501 682 cum
529 659 618 694 ergo
645 648 757 682 timor
785 648 830 682 sit
855 648 899 682 de
927 646 1026 681 malo
1054 646 1189 688 futuro,
1216 645 1369 686 videtur,
1397 644 1496 691 quod
1522 654 1599 677 non
1629 643 1674 677 sit

78 701 199 748 passio
223 701 378 736 animae.

150 754 227 790 SED
242 765 400 791 CONTRA
415 763 480 799 est,
503 756 602 802 quod
624 756 780 803 August.
803 756 840 790 in
867 766 918 798 14.
941 755 985 790 de
1009 754 1089 790 Civ.
1109 754 1181 789 Dei
1204 753 1292 801 (cap.
1315 764 1345 800 7.
1367 758 1395 788 et
1412 754 1461 798 9.)
1483 759 1674 786 enumerat

77 808 251 844 timorem
272 809 366 844 inter
389 809 478 845 alias
500 811 646 845 animae
669 810 868 857 passiones.

149 862 384 899 RESPONDEO
407 864 616 907 dicendum,
643 865 743 911 quod
768 866 863 899 inter
889 872 1054 898 caeteros
1083 863 1205 897 anima
1232 870 1356 896 motus
1382 868 1466 907 post
1490 859 1672 894 tristitiam

75 915 189 951 timor
222 917 341 964 magis
369 919 551 952 rationem
582 918 722 953 obtinet
751 918 942 965 passionis.
971 918 1022 952 Ut
1048 917 1147 952 enim
1174 927 1283 963 supra
1310 916 1449 950 dictum
1472 922 1526 949 est
1549 913 1596 960 (q.
1619 925 1673 948 22.

77 975 144 1006 art.
165 971 211 1015 ι.)
233 971 278 1006 ad
300 972 482 1007 rationem
501 972 682 1019 passionis
695 974 812 1020 primo
831 973 980 1019 quidem
998 972 1164 1018 pertinet,
1183 970 1282 1017 quod
1301 970 1346 1004 sit
1366 977 1489 1003 motus
1509 968 1674 1015 passivae

75 1024 230 1068 virtutis,
258 1026 303 1060 ad
325 1037 436 1073 quam
459 1026 600 1061 scilicet
622 1035 856 1073 comparetur
877 1038 985 1061 suum
1005 1026 1191 1072 objectum
1209 1036 1274 1072 per
1295 1023 1450 1058 modum
1471 1022 1581 1056 activi
1598 1033 1677 1056 mo—

76 1079 214 1122 ventis;
229 1090 274 1114 eo
293 1080 392 1127 quod
411 1081 532 1127 passio
551 1089 607 1115 est
625 1079 775 1115 effectus
795 1081 946 1127 agentis.
967 1080 1012 1114 Et
1026 1091 1090 1126 per
1104 1080 1202 1113 hunc
1222 1079 1378 1113 modum
1397 1077 1509 1111 etiam
1528 1075 1674 1112 sentire,

76 1140 114 1168 et
133 1133 338 1181 intelligere
357 1135 527 1170 dicuntur
545 1135 630 1182 pati.
649 1134 797 1170 Secundo
817 1135 935 1181 magis
958 1135 1104 1181 proprie
1127 1133 1257 1167 dicitur
1279 1132 1401 1179 passio
1424 1139 1548 1165 motus
1569 1141 1676 1176 appe-

75 1186 201 1222 titivae
222 1188 383 1224 virtutis:
413 1198 448 1224 et
477 1189 596 1224 adhuc
625 1190 744 1235 magis
773 1190 918 1236 proprie
949 1197 1071 1222 motus
1102 1188 1321 1234 appetitivae
1343 1186 1484 1220 virtutis
1507 1183 1674 1219 habentis

77 1251 260 1288 organum
283 1243 487 1289 corporale,
510 1243 571 1290 qui
591 1242 632 1277 fit
654 1254 739 1277 cum
766 1242 888 1289 aliqua
917 1242 1223 1277 transmutatione
1255 1239 1458 1287 corporali:
1489 1248 1525 1274 et
1555 1239 1673 1272 adhuc

10 1302 17 1354 Σ
75 1296 328 1342 propriissime
342 1296 395 1331 illi
409 1305 533 1332 motus
546 1297 736 1344 passiones
747 1297 927 1339 dicuntur,
942 1297 1005 1343 qui
1018 1297 1220 1343 important
1235 1295 1382 1342 aliquod
1392 1301 1672 1329 nocumentum:

79 1349 316 1385 manifestum
343 1359 398 1385 est
419 1359 553 1393 autem,
576 1351 675 1398 quod
697 1351 820 1393 timor,
843 1363 928 1385 cum
950 1351 996 1385 sit
1017 1351 1061 1385 de
1084 1350 1198 1392 malo,
1221 1349 1265 1383 ad
1289 1348 1527 1396 appetitivam
1549 1355 1675 1394 poten-

75 1403 166 1438 tiam
187 1404 354 1451 pertinet,
374 1416 467 1451 quae
489 1416 553 1452 per
574 1416 612 1440 se
633 1405 780 1452 respicit
804 1406 957 1447 bonum,
981 1413 1016 1440 et
1036 1404 1196 1440 malum:
1224 1404 1381 1451 pertinet
1402 1411 1525 1437 autem
1549 1402 1593 1435 ad
1617 1413 1675 1448 ap-

76 1458 232 1505 petitum
257 1459 472 1494 sensitivurn
489 1473 496 1495 :
518 1459 558 1494 fit
579 1460 690 1494 etiam
710 1471 795 1494 cum
814 1460 974 1506 quadam
992 1459 1312 1500 transmutatione,
1330 1457 1471 1492 scilicet
1486 1468 1570 1491 cum
1591 1467 1676 1490 con-

75 1514 267 1556 tractione,
297 1521 336 1548 ut
356 1513 531 1548 Damasc.
554 1514 642 1549 dicit
672 1513 744 1558 (lib.
774 1526 804 1562 3.
841 1514 940 1550 Orth.
972 1514 1048 1549 fid.
1075 1520 1149 1561 cap.
1177 1514 1262 1560 23.).·
1293 1521 1328 1548 et
1356 1513 1533 1558 importat
1562 1510 1673 1545 etiam

77 1567 330 1603 habitudinem
345 1568 389 1603 ad
404 1567 557 1612 malurn,
572 1569 775 1604 secundum
787 1569 885 1615 quod
901 1567 1042 1602 malum
1056 1568 1167 1602 habet
1181 1566 1461 1614 quodammodo
1476 1566 1671 1600 victoriam

77 1632 185 1669 super
206 1622 368 1670 aliquem
392 1622 454 1669 [al.
476 1630 574 1670 super
594 1623 731 1670 aliquod
761 1623 919 1669 bonum];
950 1623 1045 1657 unde
1075 1623 1266 1657 verissime
1289 1621 1358 1656 sibi
1381 1620 1559 1667 competit
1579 1619 1672 1654 ratio

77 1676 276 1723 passionis:
297 1685 424 1712 tamen
445 1686 528 1725 post
548 1678 744 1720 tristitiam,
767 1689 860 1725 quae
883 1686 937 1712 est
959 1678 1002 1712 de
1025 1677 1207 1724 praesenti
1230 1675 1350 1710 malo:
1374 1687 1461 1710 nam
1484 1675 1598 1709 timor
1619 1682 1673 1708 est

77 1730 123 1765 de
144 1730 246 1766 malo
266 1730 402 1774 futuro,
425 1732 524 1778 quod
545 1743 621 1766 non
642 1732 692 1766 ita
714 1741 852 1774 movet,
880 1733 974 1767 sicut
995 1743 1177 1778 praesens.

147 1785 210 1820 AD
231 1795 384 1821 PRIMUM
405 1797 494 1833 ergo
525 1786 733 1830 dicendum,
764 1787 863 1833 quod
892 1787 1006 1821 virtus
1035 1786 1205 1820 nominat
1233 1784 1421 1831 quoddam
1451 1783 1671 1830 principium

78 1839 254 1875 actionis:
277 1848 312 1875 et
332 1840 429 1883 ideo,
451 1841 671 1887 inquantum
692 1841 885 1876 interiores
907 1849 1030 1875 motus
1058 1840 1278 1887 appetitivae
1306 1839 1448 1873 virtutis
1475 1846 1560 1872 sunt
1581 1839 1675 1884 prin-

78 1893 174 1940 cipia
195 1895 418 1930 exteriorum
440 1903 601 1938 actuum,
624 1895 794 1930 dicuntur
815 1897 966 1930 virtutes.
986 1894 1237 1941 Philosophus
1257 1902 1380 1928 autem
1399 1900 1522 1939 negat,
1537 1892 1674 1939 passio-

77 1959 164 1984 nem
185 1961 264 1985 esse
286 1951 470 1993 virtutem,
493 1961 586 1997 quae
609 1958 663 1985 est
683 1950 840 1984 habitus.

149 2004 212 2039 AD
238 2015 450 2040 SECUNDUM
464 2005 674 2047 dicendum,
693 2005 791 2051 quod
811 2005 904 2038 sicut
921 2003 1042 2051 passio
1063 2003 1228 2050 corporis
1247 2002 1422 2037 naturalis
1443 2001 1612 2047 provenit
1630 2011 1672 2034 ex

79 2058 264 2105 corporali
285 2059 490 2106 praesentia
513 2059 672 2106 agentis:
693 2059 742 2093 ita
757 2059 879 2105 passio
900 2058 1045 2092 animae
1060 2057 1229 2104 provenit
1244 2069 1287 2091 ex
1303 2055 1454 2090 animali
1469 2055 1673 2102 praesentia

78 2113 220 2160 agentis
241 2113 377 2160 absque
405 2113 611 2161 praesentia
641 2113 837 2160 corporali,
867 2112 926 2147 vel
956 2112 1064 2155 reali;
1099 2112 1317 2158 inquantum
1348 2111 1490 2145 scilicet
1520 2110 1672 2151 malum,

80 2167 178 2214 quod
201 2175 255 2202 est
274 2167 450 2210 futurum,
472 2167 619 2203 realiter
640 2176 694 2202 est
720 2179 892 2214 praesens
920 2167 1124 2202 secundum
1152 2166 1486 2213 apprehensionem
1515 2165 1672 2199 animae.

151 2221 212 2256 AD
234 2232 409 2257 TERTIUM
431 2222 641 2264 dicendum,
664 2221 762 2269 quod
786 2233 913 2255 sensus
935 2232 1010 2255 non
1034 2220 1275 2268 apprehendit
1289 2219 1471 2261 futurum3
1491 2219 1554 2253 sed
1570 2230 1612 2253 ex
1628 2230 1672 2253 eo

80 2275 178 2322 quod
200 2276 441 2323 apprehendit
462 2287 646 2323 praesens,
669 2275 806 2310 animal
827 2275 984 2310 naturali
1006 2275 1178 2309 instinctu
1197 2283 1368 2309 movetur
1387 2275 1431 2308 ad
1450 2273 1671 2320 sperandum

79 2329 241 2365 futurum
261 2330 413 2373 bonum,
435 2329 494 2365 vel
515 2330 721 2365 timendum
742 2329 904 2364 futurum
927 2329 1079 2364 malum.

653 2454 1003 2500 ARTICULUS
1041 2455 1097 2499 ΙΙ.

435 2566 592 2597 UTRUM
625 2566 762 2596 TIMOR
796 2566 864 2596 SIT
898 2566 1119 2596 SPECIALIS
1155 2566 1320 2595 PASSIO.

1605 2477 1622 2501 ix>

1654 2478 1671 2502 10

153 2656 215 2692 AD
242 2667 453 2692 SECUNDUM
473 2656 524 2690 sic
540 2655 759 2702 proceditur.
774 2655 938 2699 Videtur,
954 2656 1052 2702 quod
1067 2656 1179 2690 timor
1197 2667 1272 2690 non
1289 2655 1334 2690 sit
1347 2654 1517 2702 specialis
1533 2655 1671 2700 passio:

82 2708 171 2745 dicit
191 2710 291 2745 enim
312 2710 540 2756 Augustinus
562 2709 597 2743 in
620 2708 681 2743 lib.
703 2709 760 2755 83.
785 2708 875 2751 QQ.
900 2709 945 2756 (q.
966 2722 1010 2757 33.
1040 2722 1105 2744 uon
1121 2710 1244 2756 procul
1274 2721 1293 2743 α
1316 2710 1397 2755 fin.)
1431 2708 1529 2755 quod
1561 2720 1671 2755 quem

82 2772 159 2798 non
176 2763 362 2798 exanimat
375 2771 506 2805 metus,
521 2774 640 2809 neque
659 2763 838 2809 cupiditas
856 2775 941 2797 eum
960 2771 1088 2805 vastat,
1103 2774 1171 2797 nec
1188 2763 1392 2807 aegritudo,
1407 2762 1500 2796 idest
1517 2763 1672 2803 tristitia,

84 2826 170 2852 eum
190 2825 365 2860 macerat,
386 2828 454 2852 nec
476 2817 628 2852 ventilat
649 2817 819 2864 gestiens,
842 2826 877 2852 et
897 2829 992 2852 vana
1023 2817 1179 2852 laetitia:
1209 2829 1251 2851 ex
1279 2828 1351 2863 quo
1379 2816 1534 2858 videtur,
1561 2817 1672 2863 quod,

82 2878 227 2906 remoto
248 2871 394 2914 timore,
416 2882 547 2906 omnes
569 2871 662 2906 aliae
684 2871 872 2918 passiones
895 2881 1148 2914 removentur;
1168 2883 1243 2906 non
1267 2883 1355 2917 ergo
1379 2879 1432 2905 est
1454 2871 1574 2917 passio
1598 2883 1675 2918 spe-

84 2923 198 2967 cialis,
219 2924 282 2960 sed
304 2924 497 2972 generalis.
