1907 3198
457 173 678 210 QUAESTIO
710 177 860 210 XCVIII.
894 181 1140 214 ARTICULUS
1173 185 1230 215 1v.
1555 193 1635 236 701

143 249 205 286 AD
225 260 432 288 SECUNDUM
451 254 657 300 dicendum,
675 259 773 306 quod
792 263 955 309 acceptio
978 275 1218 310 personarum
1239 267 1364 303 locum
1387 270 1496 306 habet
1516 272 1552 307 in
1572 273 1640 315 his,

72 312 165 350 quae
185 313 230 339 ex
250 304 372 341 debito
393 306 540 344 dantur:
562 310 599 345 in
620 311 676 346 his
697 324 796 356 vero,
818 326 911 361 quae
934 329 976 352 ex
1004 320 1160 364 gratuita
1177 320 1365 358 voluntate
1393 324 1640 369 conferuntur,

71 357 236 404 acceptio
256 369 493 405 personarum
514 361 638 399 locum
660 376 734 401 non
756 367 882 404 habet:
905 382 978 406 non
1001 373 1099 407 enim
1121 382 1175 409 est
1195 386 1434 421 personarum
1457 389 1639 427 acceptor,

71 410 132 456 qui
152 421 197 446 ex
217 410 430 449 liberalitate
448 415 491 450 de
513 428 580 452 suo
601 419 662 454 dat
683 420 755 463 uni,
777 430 812 456 et
832 434 907 458 non
935 424 1054 460 alteri:
1077 427 1139 462 sed
1161 428 1190 463 si
1212 438 1306 465 esset
1327 430 1556 478 dispensator
1581 434 1641 469 bo-

69 473 202 499 norum
222 467 490 512 communium,
512 478 547 505 et
566 482 641 506 non
663 473 891 511 distribueret
918 479 1116 525 aequaliter
1141 483 1343 518 secundum
1370 486 1499 521 merita
1521 499 1640 534 perso-

69 527 211 562 narum,
231 528 326 556 esset
345 532 583 568 personarum
606 536 786 574 acceptor.
809 529 988 567 Salutaria
1011 542 1133 569 autem
1156 535 1332 572 beneficia
1353 538 1454 574 Deus
1475 540 1639 576 humano

69 572 194 618 generi
207 573 347 611 confert
361 586 405 611 ex
417 587 482 612 sua
496 579 632 624 gratia;
654 581 748 617 unde
763 593 836 618 non
853 593 906 620 est
924 597 1163 632 personarum
1183 599 1364 638 acceptor,
1378 592 1408 627 si
1422 593 1638 640 quibusdam

66 635 153 672 prae
174 625 253 662 aliis
273 627 456 674 conferat;
477 632 572 668 unde
590 633 744 681 August.
767 636 853 672 dicit
873 637 909 672 in
933 638 991 674 lib.
1007 641 1051 675 de
1066 641 1249 679 Praedest.
1265 644 1486 682 Sanctorum
1501 650 1590 696 (cap.
1605 650 1637 685 8.

66 677 228 726 aliquant.
249 692 271 717 a
283 683 427 729 princ.).·
456 685 590 728 Omnes,
612 699 692 734 quos
712 689 804 725 Deus
824 690 926 735 docet,
953 694 1182 731 misericordia
1208 696 1317 740 docem
1340 711 1420 746 quos
1439 706 1549 736 autem
1571 714 1638 737 non

66 730 170 776 docet,
186 732 317 780 judicio
336 747 403 772 non
423 737 531 775 docet:
557 739 630 776 hoc
652 741 750 777 enim
771 744 871 780 venit
897 756 940 781 ex
966 746 1202 786 damnatione
1228 751 1381 788 humani
1406 754 1551 801 generis
1571 767 1637 802 pro

66 794 219 833 peccato
239 789 348 835 primi
366 791 536 837 parentis.

136 839 199 876 An
220 850 391 879 ‘rutrum
411 843 619 890 dicendum,
640 849 738 895 quod
760 850 936 887 beneficia
958 855 1096 900 gratiae
1119 857 1377 894 subtrahuntur
1398 860 1541 897 homini
1558 874 1637 910 pro-

65 898 144 939 pter
161 892 326 942 culpam:
347 897 411 932 sed
431 897 607 935 beneficia
634 903 813 938 naturalia
839 917 914 940 non
941 908 1220 955 subtrahuntur3
1242 912 1336 948 inter
1356 925 1449 961 quae
1470 924 1553 951 sunt
1574 917 1638 952 mi·

63 944 211 983 nisteria
228 949 456 996 angelorum,
469 961 505 988 et
518 965 610 1000 quae
624 955 702 1002 ipse
716 966 928 995 naturarum
947 962 1038 997 ordo
1056 965 1216 1011 requirit,
1231 974 1269 1001 ut
1282 967 1421 1003 scilicet
1435 980 1498 1016 per
1515 971 1635 1006 media

11 1011 15 1021 ·
63 999 308 1047 gubernentur
320 1003 466 1049 infima;
481 1015 516 1042 et
529 1008 640 1044 etiam
658 1011 864 1058 corporalia
882 1014 1054 1059 subsidia,
1068 1029 1161 1064 quae
1179 1030 1254 1054 non
1273 1020 1393 1056 solum
1413 1022 1635 1067 hominibus,

62 1053 127 1090 sed
147 1054 259 1091 etiam
278 1057 451 1103 jumentis
470 1059 573 1097 Deus
600 1063 838 1108 administrat,
864 1069 1064 1105 secundum
1092 1071 1180 1107 illud
1207 1073 1341 1109 Psalm.
1367 1074 1438 1122 36.:
1461 1077 1634 1121 Homines,

0 1118 1 1165 J
62 1111 93 1143 et
107 1109 261 1154 jumenta
279 1111 438 1157 salvabis,
460 1114 616 1151 Domine.

617 1246 966 1295 ARTICULUS
998 1251 1053 1296 v.
1565 1283 1629 1318 522

6 1334 14 1349 ⁰
62 1330 220 1377 UTRI'JM
251 1346 398 1380 OMNES
431 1349 627 1383 HOMINES
653 1354 990 1390 OBLIGARENTUR
1018 1360 1207 1393 SERVARE
1240 1364 1387 1396 LEGEM
1414 1366 1629 1399 VETEREM.

298 1441 380 1486 (2·2.
402 1453 432 1490 q.
453 1443 503 1491 85.
524 1449 589 1480 art.
611 1457 644 1492 4.
667 1447 710 1483 ad
730 1461 757 1484 ι.
779 1455 810 1485 et
825 1462 854 1497 3.
874 1451 964 1488 Dist.
985 1464 1035 1500 25·
1056 1466 1085 1501 q.
1108 1466 1138 1491 2.
1163 1462 1228 1493 art.
1247 1469 1278 1493 2.
1302 1458 1345 1493 ad
1362 1471 1390 1506 3.

655 1506 686 1537 et
711 1503 806 1538 Rom.
829 1504 863 1540 6.
885 1505 956 1541 lect.
974 1508 1032 1554 3.).

126 1586 190 1624 AD
206 1598 388 1628 Qumrtm
409 1591 461 1627 sic
482 1595 702 1641 proceditur.
724 1596 889 1643 Videtur,
911 1602 1008 1648 quod
1031 1613 1161 1640 omnes
1182 1605 1353 1643 homines
1375 1607 1630 1656 obligabantur

2 1638 9 1678 ',
58 1639 103 1676 ad
136 1641 403 1680 observandam
435 1654 596 1683 veterem
630 1649 772 1697 legem:
800 1653 1020 1702 quicumque
1051 1657 1149 1692 enim
1178 1659 1343 1695 subditur
1369 1664 1457 1708 regi,
1485 1672 1629 1710 oportet

48 1694 154 1741 ¹quod
175 1695 349 1732 subdatur
368 1697 441 1746 legi
462 1700 592 1748 ipsius:
615 1704 676 1738 sed
699 1713 801 1741 vetus
823 1706 880 1741 lex
907 1716 960 1743 est
986 1709 1068 1744 data
1096 1722 1116 1745 a
1143 1711 1237 1756 Deo,
1259 1714 1319 1760 qui
1347 1723 1400 1750 est
1426 1727 1486 1751 rex
1508 1718 1629 1752 omnis

55 1754 184 1792 terrae,
210 1757 249 1785 ut
272 1750 309 1786 in
335 1750 394 1787 Ps.
420 1751 477 1797 46.
504 1755 654 1800 dicitur;
681 1769 769 1805 ergo
796 1771 926 1796 omnes
952 1761 1155 1800 habitantes
1182 1774 1316 1802 terram
1342 1770 1557 1806 tenebantur
1584 1772 1627 1806 ad

55 1800 324 1840 observantiam
344 1803 447 1852 legis.

126 1865 159 1890 2.
180 1855 418 1895 PRAETEREA.
435 1860 563 1907 Judaei
584 1862 716 1900 salvari
738 1877 812 1901 non
839 1877 1018 1914 poterant,
1041 1871 1109 1907 nisi
1135 1872 1256 1919 legem
1278 1883 1438 1911 veterem
1462 1878 1626 1914 observa-

2 1908 4 1917 '
54 1916 152 1945 rent:
173 1909 304 1947 dicitur
324 1913 424 1949 enim
444 1915 644 1952 Deuteron.
668 1929 740 1965 27.:
764 1922 970 1967 Maledictus,
993 1927 1051 1972 qui
1071 1938 1136 1961 non
1162 1933 1337 1974 permanet
1363 1931 1398 1965 in
1423 1934 1627 1968 sermonibus

53 1961 129 2010 logis
149 1963 258 2011 bustu,
280 1977 337 2002 nec
356 1978 408 2003 eos
428 1974 522 2016 opere
537 1971 686 2018 perfidu
710 1974 738 2008 si
760 1973 868 2021 igitur
894 1976 954 2012 alii
981 1978 1150 2015 homines
1171 1981 1249 2016 sine
1276 1983 1507 2020 observantia
1535 1985 1626 2033 legis

2 2013 4 2025 ²
50 2016 184 2053 veteris
208 2019 412 2066 potuissent
435 2022 578 2067 salvari,
605 2026 707 2072 pejor
732 2025 856 2064 fuisset
882 2031 1044 2068 conditio
1067 2033 1302 2079 Judaeorum,
1330 2049 1440 2084 quam
1467 2039 1622 2074 aliorum

51 2067 258 2107 hominum.

127 2135 156 2172 3.
178 2124 416 2164 PRAETEREA.
429 2128 594 2167 Gentiles
609 2132 652 2167 ad
669 2132 776 2169 ritum
787 2134 992 2182 judaicum,
1007 2147 1041 2174 et
1056 2140 1099 2175 ad
1116 2141 1366 2179 observantias
1387 2144 1478 2192 legis
1500 2147 1625 2182 admit-

4 2197 6 2203 ·
44 2175 235 2215 bantur:
257 2180 387 2217 dicitur
407 2183 506 2219 enim
528 2184 591 2220 Ex.
611 2196 682 2221 12.:
703 2187 740 2223 Si
753 2190 825 2235 qui5
833 2193 1089 2238 peregrinorum
1112 2196 1145 2230 in
1163 2202 1308 2231 vestram
1323 2198 1467 2235 voluerit
1481 2202 1623 2239 transire

79 2249 82 2259 ι
111 2233 230 2277 mium,
258 2239 289 2271 et
301 2234 418 2282 jacere
438 2237 541 2274 Phase
565 2240 718 2284 Domini,
749 2243 1007 2281 circumcidetur
1030 2249 1127 2294 prius
1160 2261 1254 2285 omne
1287 2253 1507 2287 masculinum
1541 2256 1621 2300 ejus,

66 2302 71 2310 1
101 2282 178 2322 itanc
198 2287 260 2323 riu
279 2288 468 2334 celebrabit,
489 2293 618 2339 eritque
638 2295 721 2329 sicut
743 2295 895 2342 indigena
920 2303 1046 2335 terrae:
1070 2300 1199 2338 frustra
1221 2312 1343 2339 autem
1366 2306 1408 2340 ad
1432 2306 1624 2342 observan-

137 2337 276 2387 legales
295 2339 447 2380 fuissent
472 2346 633 2382 extranei
660 2347 808 2384 admissi
835 2362 877 2386 ex
904 2353 1134 2390 ordinatione
1156 2356 1294 2401 divina;
1317 2358 1345 2393 si
1368 2359 1502 2406 absque
1524 2360 1621 2407 lega-

62 2395 143 2428 ·'bus
164 2392 401 2432 observantiis
422 2397 552 2434 salvari
579 2400 800 2447 potuissent;
821 2415 910 2452 ergo
931 2406 1051 2443 nullus
1074 2409 1204 2444 salvari
1232 2420 1384 2458 poterat,
1405 2414 1473 2449 nisi
1500 2413 1620 2462 legem

84 2462 90 2472 ·
108 2462 110 2464 ·
127 2455 268 2484 rvaret.

61 2723 70 2743 ‘·
118 2712 350 2754 Rtsrouneo
371 2717 579 2764 dicendum,
606 2723 703 2768 quod
731 2723 786 2759 lex
809 2734 911 2763 vetus
939 2729 1192 2767 manifestabat
1226 2742 1416 2780 praccepta
1445 2735 1533 2780 legis
1560 2748 1618 2771 na-

55 2784 65 2809 ς
106 2777 161 2812 ιο,
182 2776 218 2805 et
238 2771 504 2818 superaddebat
529 2776 708 2821 quaedam
737 2780 881 2826 propria
908 2793 1110 2830 praecepta.
1136 2785 1326 2827 Quantum
1349 2788 1458 2832 igitur
1479 2790 1522 2823 ab
1545 2790 1617 2833 illa,

83 2837 87 2847 ·
120 2819 211 2858 elex
223 2830 326 2860 vetus
347 2825 556 2863 continebat
569 2829 613 2864 de
629 2829 710 2876 lege
732 2840 893 2877 naturae,
907 2846 1035 2872 omnes
1053 2839 1267 2874 tenebantur
1285 2841 1328 2875 ad
1348 2841 1614 2879 observantiam

130 2873 178 2911 ris
198 2874 301 2924 legis,
321 2889 395 2914 non
418 2879 501 2926 quia
523 2891 625 2918 erant
645 2883 690 2919 de
711 2886 823 2922 veteri
845 2887 938 2935 lege,
960 2890 1021 2925 sed
1047 2892 1131 2938 quia
1158 2902 1260 2929 erant
1279 2894 1322 2929 de
1345 2894 1425 2942 lege
1447 2905 1613 2933 naturae:
