1907 3182
265 169 350 224 384.
702 182 922 216 QUAESTIO
958 182 1040 210 LVI.
1075 181 1321 210 ARTICULUS
1357 181 1383 210 1.

334 262 407 296 SED
443 272 609 296 CONTRA.
639 261 762 296 Virtus
790 270 842 296 est
868 262 1037 295 ultimum
1068 262 1263 308 potentiae,
1291 270 1329 296 ut
1355 262 1484 296 dicitur
1510 262 1546 296 in
1577 273 1604 296 1.
1632 262 1675 296 de
1704 262 1821 297 Coelo

261 315 339 359 (tex.
362 315 465 360 116.).·
489 315 549 350 sed
572 315 741 349 ultimum
764 324 817 349 est
837 317 872 349 in
896 326 950 357 eo,
975 316 1074 360 cujus
1098 323 1150 349 est
1171 314 1357 358 ultimum3
1386 326 1472 361 ergo
1493 315 1606 350 virtus
1632 323 1686 350 est
1705 316 1741 349 in
1763 327 1824 362 po-

260 376 370 402 tentia
393 380 545 402 ammae.

329 422 557 456 RESPONDEo
581 422 785 463 dicendum,
801 421 897 467 quod
924 422 1093 456 virtutem
1115 422 1292 468 pertinere
1316 422 1359 456 ad
1380 422 1582 468 potentiam
1604 422 1757 465 animae,
1780 434 1823 457 ex

260 477 363 509 tribus
388 483 507 521 potest
533 486 609 509 esse
636 474 888 509 manifestum:
911 477 1025 521 primo
1053 475 1199 520 quidem
1227 486 1268 509 ex
1294 475 1370 521 ipsa
1393 476 1531 509 ratione
1552 475 1704 517 virtutis,
1727 487 1818 522 quae

258 529 429 574 importat
455 528 715 574 perfectionem
742 529 941 574 potentiae:
970 528 1143 574 perfectio
1173 537 1293 562 autem
1321 537 1374 564 est
1400 530 1435 563 in
1458 540 1514 571 eo,
1543 530 1643 574 cujus
1670 537 1723 563 est
1749 540 1824 574 per-

258 581 365 616 fectio
379 594 385 615 :
407 582 543 616 secundo
567 594 608 615 ex
630 593 674 615 eo
694 581 790 627 quod
806 589 858 615 est
872 582 1014 615 habitus
1030 582 1246 628 operativus,
1262 590 1300 616 ut
1314 593 1419 628 supra
1434 582 1572 616 dictum
1586 590 1639 616 est
1653 583 1822 629 (q.praec.

258 641 323 670 art.
346 636 414 678 2.).·
438 636 556 669 omnis
579 643 701 669 autem
724 635 887 681 operatio
915 643 967 669 est
994 635 1036 668 ab
1065 635 1185 668 anima
1208 646 1270 681 per
1293 635 1452 682 aliquam
1479 636 1700 682 potentiam:
1729 638 1822 670 tertio

260 700 300 722 ex
321 689 392 722 hoc
412 689 507 734 quod
523 688 680 734 disponit
702 688 745 721 ad
768 688 962 733 optimum:
988 688 1167 734 optimum
1190 696 1309 722 autem
1333 696 1386 723 est
1407 688 1500 731 finis,
1515 690 1575 735 qui
1588 689 1647 723 vel
1669 697 1722 724 est
1741 700 1824 735 ope-

257 742 348 775 ratio
371 742 432 783 rei,
454 741 512 775 vel
534 741 667 787 aliquid
695 749 931 775 consecutum
953 753 1015 787 per
1038 742 1289 787 operationem
1317 754 1336 776 a
1363 742 1525 788 potentia
1553 742 1821 788 egredientem;

258 795 352 829 unde
372 795 483 828 virtus
505 795 666 828 humana
689 802 742 828 est
762 795 797 827 in
821 795 981 841 potentia
1005 795 1147 829 animae
1169 797 1260 829 sicut
1281 795 1317 829 in
1339 796 1513 840 subjecto.

330 848 388 882 AD
403 859 551 882 PRIMUM
568 859 653 893 ergo
669 848 873 889 dicendum,
893 848 989 893 quod
1005 848 1125 882 vivere
1140 848 1314 895 dupliciter
1327 849 1495 883 sumitur:
1519 848 1710 894 quandoque
1725 848 1822 882 enim

258 901 387 935 dicitur
406 901 526 934 vivere
548 901 666 946 ipsum
686 912 762 935 esse
781 901 948 935 viventis:
973 909 1007 935 et
1025 901 1075 935 sic
1098 902 1251 947 pertinet
1269 902 1313 935 ad
1336 903 1529 936 essentiam
1551 903 1705 944 animae,
1729 913 1820 948 quae

258 962 310 988 θεῖ
330 954 464 988 viventi
486 954 626 988 essendi
647 954 882 1000 principium:
906 955 971 988 alio
995 954 1088 988 modo
1111 955 1230 988 vivere
1254 955 1382 989 dicitur
1404 957 1566 1001 operatio
1588 955 1761 989 viventis:
1786 962 1820 988 et

257 1008 307 1041 sic
330 1008 460 1041 virtute
483 1015 579 1041 recte
602 1007 742 1049 vivitur,
766 1008 979 1054 inquantum
1001 1019 1064 1053 per
1086 1019 1167 1042 eam
1191 1007 1318 1054 aliquis
1341 1017 1437 1043 recte
1456 1016 1635 1055 operatur.

329 1061 388 1095 AD
411 1071 619 1095 SECUNDUM
641 1061 848 1103 dicendum3
863 1061 959 1107 quod
978 1061 1116 1095 bonum
1130 1061 1187 1095 vel
1208 1070 1261 1095 est
1278 1061 1370 1104 finis,
1384 1061 1443 1095 vel
1457 1063 1492 1096 in
1507 1062 1632 1096 ordine
1651 1061 1694 1095 ad
1713 1060 1823 1094 finem

258 1115 403 1157 dicitur;
427 1123 461 1149 et
493 1114 587 1156 ideo,
615 1125 697 1148 cum
725 1115 863 1148 bonum
892 1114 1073 1161 operantis
1101 1115 1274 1149 consistat
1299 1115 1335 1149 in
1362 1115 1586 1161 operatione,
1612 1114 1683 1148 hoc
1711 1114 1821 1148 etiam

257 1168 375 1214 ipsum
398 1168 494 1214 quod
515 1168 626 1202 virtus
650 1175 861 1213 operantem
887 1169 1025 1202 bonum
1051 1166 1147 1210 facit,
1174 1167 1324 1202 refertur
1347 1168 1389 1202 ad
1412 1168 1675 1215 operationem,
1702 1175 1736 1201 et
1761 1177 1823 1213 per

257 1233 482 1267 consequens
502 1221 544 1254 ad
563 1221 774 1267 potentiam.

328 1275 388 1309 AD
411 1285 583 1309 TERTIUM
603 1274 808 1317 dicendum,
825 1274 922 1320 quod
943 1286 1057 1308 unum
1081 1275 1248 1309 accidens
1271 1275 1400 1309 dicitur
1421 1285 1498 1309 esse
1520 1274 1556 1308 in
1579 1273 1650 1308 alio
1673 1273 1766 1308 sicut
1786 1272 1822 1306 in

257 1329 436 1374 subject03
456 1339 529 1362 non
549 1328 631 1374 quia
650 1328 817 1362 accidens
839 1339 901 1374 per
920 1328 1078 1374 seipsum
1097 1328 1210 1374 possit
1224 1336 1423 1362 sustentare
1443 1327 1538 1362 aliud
1557 1327 1742 1369 accidens;
1762 1326 1823 1360 sed

259 1382 342 1428 quia
364 1393 476 1416 unum
504 1382 671 1415 accidens
698 1381 861 1415 inhaeret
886 1382 1104 1416 substantiae
1127 1382 1309 1416 mediante
1332 1382 1404 1416 alio
1428 1381 1632 1423 accidente3
1659 1388 1697 1414 ut
1723 1379 1826 1414 color

261 1435 405 1482 corpori
426 1435 607 1469 mediante
630 1434 837 1480 superficie;
860 1435 953 1468 unde
976 1435 1182 1480 superficies
1205 1435 1332 1469 dicitur
1351 1446 1428 1469 esse
1447 1435 1649 1481 subjectum
1668 1433 1820 1475 coloris;

260 1498 295 1524 et
316 1501 359 1524 co
382 1489 494 1524 modo
516 1489 676 1535 potentia
700 1489 842 1522 animae
865 1489 994 1523 dicitur
1016 1500 1092 1523 esse
1114 1489 1316 1535 subjectum
1338 1489 1489 1523 virtutis.

792 1631 1138 1676 ARTICULUS
1172 1632 1228 1674 ΙΙ.
1730 1626 1737 1631 ’
1756 1642 1823 1691 296

371 1740 524 1770 UTRUM
551 1740 637 1769 UNA
663 1740 819 1770 VIRTUS
848 1740 1000 1769 POSSIT
1028 1740 1128 1769 ESSE
1155 1740 1200 1770 IN
1225 1739 1432 1770 PLURIBUS
1461 1739 1708 1770 POTENTIIS.

780 1826 884 1872 (Insr.
908 1838 937 1872 q.
961 1826 1016 1862 60.
1040 1831 1103 1861 art.
1122 1839 1150 1872 5.
1175 1827 1292 1873 corp).

328 1917 388 1950 AD
411 1926 617 1950 SECUNDUM
640 1916 689 1950 sic
709 1916 926 1962 proceditur.
942 1915 1104 1958 Videtur,
1125 1916 1220 1962 quod
1245 1928 1314 1950 una
1329 1917 1439 1950 virtus
1458 1916 1572 1962 possit
1589 1926 1667 1950 esse
1685 1915 1721 1949 in
1743 1914 1826 1949 dua-

258 1971 324 2004 bus
345 1970 534 2016 potentiis:
556 1970 699 2003 habitus
722 1970 818 2003 enim
842 1977 1113 2015 cognoscuntur
1134 1981 1197 2015 per
1223 1978 1340 2003 actus:
1364 1969 1426 2003 sed
1447 1980 1539 2003 unus
1561 1976 1661 2004 actus
1683 1979 1825 2015 progre-

259 2024 352 2058 ditur
374 2023 615 2057 diversimode
638 2035 657 2056 a
679 2023 828 2056 diversis
851 2022 1039 2068 potentiis;
1063 2022 1154 2057 sicut
1177 2022 1374 2056 ambulatio
1397 2022 1560 2068 procedit
1581 2034 1601 2056 a
1623 2024 1760 2056 ratione
1788 2029 1824 2056 ut

258 2077 445 2122 dirigente,
473 2088 493 2110 a
517 2075 704 2110 voluntate
731 2076 823 2109 sicut
849 2087 868 2109 a
895 2083 1076 2118 movente,
1106 2082 1139 2110 et
1166 2087 1185 2109 a
1211 2075 1372 2121 potentia
1400 2076 1538 2110 motiva
1558 2075 1651 2109 sicut
1677 2076 1718 2110 ab
1747 2085 1823 2109 exe-

258 2138 406 2176 quente;
426 2140 512 2175 ergo
535 2129 644 2163 etiam
667 2140 757 2163 unus
779 2129 922 2162 habitus
943 2129 1082 2163 virtutis
1104 2137 1223 2174 potest
1244 2129 1280 2162 in
1302 2128 1461 2175 pluribus
1483 2139 1561 2163 esse
1588 2128 1769 2175 potentiis.

332 2194 361 2217 2.
391 2183 627 2217 PRAETEREA.
658 2182 794 2216 Philos.
819 2183 904 2216 dicit
925 2182 960 2216 in
985 2192 1014 2216 2.
1038 2182 1153 2216 Ethic.
1179 2182 1265 2228 (cup.
1292 2182 1354 2226 4),
1379 2181 1474 2228 quod
1498 2181 1540 2216 ad
1562 2182 1732 2216 virtutem
1759 2182 1825 2216 tria

259 2237 506 2283 requiruntur3
529 2236 683 2270 scilicet:
706 2237 800 2278 scire,
822 2236 915 2278 velle,
938 2240 965 2269 ct
989 2235 1201 2270 immobiliter
1223 2237 1379 2282 operari:
1408 2235 1469 2270 sed
1492 2235 1583 2270 scire
1604 2235 1758 2282 pertinet
1780 2234 1823 2268 ad

262 2289 497 2331 intellectum,
531 2288 623 2323 velle
658 2289 700 2323 ad
736 2289 978 2331 voluntatem3
1007 2300 1092 2335 ergo
1119 2289 1231 2323 virtus
1258 2296 1376 2335 potest
1411 2300 1488 2323 esse
1515 2290 1550 2323 in
1579 2288 1739 2335 pluribus
1766 2298 1826 2334 po-

262 2344 391 2378 tentiis.

336 2409 363 2443 3.
387 2397 622 2431 PRAETEREA.
647 2396 839 2431 Prudentia
863 2405 915 2430 est
940 2396 975 2429 in
998 2396 1148 2437 ratione,
1171 2407 1254 2430 cum
1278 2396 1322 2430 sit
1344 2401 1429 2430 recta
1457 2396 1542 2430 ratio
1570 2395 1758 2441 agilulfum,
1786 2402 1824 2428 ut

261 2451 391 2484 dicitur
413 2450 447 2483 in
470 2448 500 2483 6.
525 2449 604 2483 Eth.
630 2451 715 2495 (rap.
735 2450 794 2495 5.),
819 2457 869 2483 cst
893 2449 1001 2483 etiam
1024 2449 1058 2482 in
1081 2449 1279 2491 voluntate,
1303 2449 1385 2495 quia
1408 2460 1480 2482 non
1504 2456 1621 2495 potest
1643 2459 1719 2483 esse
1742 2459 1824 2482 cum

258 2503 441 2538 voluntate
461 2514 639 2549 perversa,
664 2514 700 2536 ut
722 2503 756 2536 in
780 2503 910 2536 codem
933 2502 1023 2536 libro
1041 2508 1127 2548 (cap.
1147 2514 1195 2537 12.
1213 2504 1245 2536 in
1257 2503 1333 2548 fin.)
1350 2502 1496 2544 dicitur;
1512 2512 1598 2548 ergo
1621 2513 1692 2535 una
1713 2501 1824 2535 virtus

261 2565 377 2603 potest
399 2568 475 2591 csse
504 2557 538 2590 in
561 2556 698 2590 duabus
720 2556 900 2601 potentiis.

336 2611 409 2644 SED
434 2620 599 2644 CONTRA.
615 2609 737 2643 Virtus
760 2610 860 2642 estin
881 2609 1039 2654 potentia
1059 2609 1200 2642 animae
1217 2608 1308 2643 sicut
1323 2608 1357 2642 in
1373 2609 1553 2654 subjecto:
1569 2608 1631 2643 sed
1653 2607 1749 2642 idem
1772 2617 1825 2641 ac-

260 2664 380 2697 cidens
404 2675 475 2697 non
499 2671 616 2708 potest
639 2674 714 2696 csse
739 2664 773 2695 in
797 2662 954 2708 pluribus¹
977 2662 1164 2707 subjectis3
1184 2673 1270 2708 ergo
1291 2674 1360 2696 una
1379 2663 1490 2696 virtus
1511 2673 1584 2696 non
1605 2669 1722 2708 potest
1743 2671 1821 2695 esse

261 2719 294 2751 in
318 2717 475 2763 pluribus
498 2716 666 2762 potentiis
690 2716 842 2749 aninmo.

334 2770 562 2804 Rrspoxmzo
597 2769 802 2810 dicendum,
830 2768 925 2814 quod
950 2768 1081 2814 aliquid
1107 2780 1183 2802 csse
1211 2768 1245 2802 in
1273 2768 1407 2810 duobus,
1437 2767 1614 2813 contingit
1638 2767 1824 2813 dupliciter.

267 2825 337 2858 L'tw
359 2823 451 2857 modo
474 2824 535 2865 sic,
558 2823 653 2869 quod
677 2836 716 2857 ex
741 2834 856 2868 aequo
872 2822 914 2856 sit
932 2822 965 2854 in
983 2830 1152 2867 utroque:
1177 2831 1210 2856 ct
1232 2822 1280 2856 sic
1306 2821 1526 2868 impossibile
1546 2830 1609 2863 est,
1632 2832 1741 2855 unam
1759 2820 1826 2854 vir·

260 2886 371 2912 tutem
395 2889 471 2912 csse
495 2878 528 2911 in
552 2878 687 2911 duabus
710 2877 895 2924 potentiis:
919 2876 1001 2921 quia
1026 2876 1210 2910 diversitas
1234 2876 1476 2922 potentiarum
1497 2875 1688 2910 attenditur
1702 2884 1825 2909 sccun-
