1907 3198
486 163 711 200 QUAESTIO
747 162 883 193 XXVII.
917 161 1166 192 ARTICULUS
1200 160 1228 191 Ι.
1570 159 1652 189 2ΙΙ

71 256 110 282 ut
129 247 344 294 simpliciter
364 247 522 281 bonum:
546 254 581 281 et
602 246 653 281 sic
678 245 807 292 aliquis
830 255 936 279 amor
959 252 1013 278 est
1031 243 1162 286 malus,
1181 243 1400 289 inquantum
1418 241 1534 276 tendit
1554 241 1591 275 in
1611 241 1657 283 id,

71 302 169 349 quod
190 313 266 337 non
293 309 348 336 est
368 300 584 348 simpliciter
605 311 734 334 verum
761 299 914 340 bonum,
937 305 973 332 et
999 309 1062 344 per
1089 298 1187 332 hunc
1216 297 1371 331 modurn
1396 296 1514 330 homo
1542 295 1660 341 diligit

69 355 314 402 iniquitatem,
335 355 554 401 inquantum
576 365 640 400 per
665 353 897 399 iniquitatem
920 352 1133 397 adipiscitur
1155 351 1305 397 aliquod
1326 351 1477 391 bonum,
1496 357 1582 395 puta
1602 349 1660 383 de-

69 409 318 451 lectationem,
339 407 400 442 vel
421 407 630 454 pecuniam,
652 406 712 441 vel
734 405 869 452 aliquid
891 405 1116 451 hujusmodi.

141 463 203 498 AD
225 472 438 498 SECUNDUM
457 461 666 502 dicendum,
686 460 785 507 quod
804 459 868 502 illi,
885 461 945 506 qui
957 458 1055 493 mala
1070 470 1134 493 sua
1149 459 1286 500 dicunt,
1304 469 1379 492 non
1398 465 1547 504 propter
1561 455 1659 490 mala

71 525 250 559 amantur,
274 516 338 551 sed
359 523 507 562 propter
529 515 614 557 hoc,
637 514 736 561 quod
755 513 881 548 dicunt
899 512 1009 555 mala,
1028 513 1099 547 hoc
1120 513 1219 547 enim
1239 511 1336 559 quod
1357 519 1412 546 est
1425 512 1546 545 dicere
1561 509 1660 544 mala

69 581 146 613 sua,
167 570 279 605 habet
298 569 481 604 rationem
508 568 608 611 boni,
631 568 849 614 inquantum
877 566 1038 602 excludit
1058 565 1260 608 fictionem,
1284 577 1348 600 seu
1371 564 1658 599 simulationem.

141 624 202 659 AD
218 634 392 659 TERTmM
406 622 616 665 dicendum,
633 621 731 669 quod
740 621 924 669 pulchrum
939 629 993 655 est
1005 620 1104 655 idem
1120 622 1203 655 bono
1219 619 1299 655 sola
1313 619 1455 654 ratione
1470 617 1658 652 differens:

70 689 156 714 cum
177 677 278 713 enim
298 677 440 712 bonum
461 677 518 719 sit,
541 677 641 723 quod
665 676 790 710 omnia
813 682 1000 722 appetunt,
1023 674 1066 708 de
1086 674 1228 708 ratione
1244 673 1332 708 boni
1351 681 1416 715 est,
1439 672 1537 719 quod
1559 672 1596 705 in
1614 682 1660 706 eo

70 732 251 779 quietetur
271 731 472 778 appetitus:
496 731 559 766 sed
583 731 627 765 ad
651 730 835 765 rationem
856 729 1001 776 pulchri
1022 729 1190 776 pertinet,
1213 729 1312 775 quod
1334 729 1371 762 in
1395 729 1471 774 ejus
1499 735 1660 774 aspectu,

69 797 135 822 seu
156 786 369 833 cognitione
391 785 573 832 quietetur
602 784 797 832 appetitus:
826 783 922 818 unde
950 792 986 818 et
1012 783 1065 817 illi
1092 794 1221 817 sensus
1244 783 1439 829 praecipue
1461 782 1661 828 respiciunt

69 839 276 888 pulchrum,
298 840 361 887 qui
381 839 543 874 maxime
567 840 812 885 cognoscitivi
832 846 933 880 sunt3
956 837 1097 872 scilicet
1114 837 1225 879 visus,
1244 844 1280 871 et
1295 836 1437 870 auditus
1451 835 1585 870 rationi
1605 835 1662 869 de-

69 894 289 930 servientes:
313 893 468 928 dicimus
491 893 590 928 enim
613 892 768 939 pulchra
788 891 955 933 visibilia,
975 899 1010 926 et
1028 890 1202 938 pulchros
1224 902 1347 925 sonos.
1370 890 1410 924 In
1430 888 1660 924 sensibilibus

71 957 194 983 autem
209 947 366 982 aliorum
380 958 556 982 sensuum
570 958 646 981 non
662 946 798 981 utimur
812 945 965 980 nomine
979 945 1278 992 pulchritudinis:
1294 955 1369 979 non
1386 944 1486 979 enim
1505 943 1661 978 dicimus

69 1001 245 1049 pulchros
267 1012 430 1048 sapores,
452 1009 515 1036 aut
536 1001 687 1036 odores:
711 1008 746 1035 et
768 1000 818 1034 sic
839 1008 949 1047 patet,
967 999 1067 1046 quod
1085 998 1281 1046 pulchrum
1299 999 1398 1033 addit
1411 1009 1520 1045 supra
1539 999 1661 1032 bonum

70 1055 271 1103 quemdam
297 1055 466 1090 ordinem
490 1055 534 1089 ad
555 1055 632 1089 vim
655 1054 965 1101 cognoscitivam:
989 1054 1037 1088 ita
1060 1053 1158 1100 quod
1182 1055 1304 1088 bonum
1326 1053 1466 1087 dicatur
1487 1052 1536 1094 id,
1563 1052 1661 1098 quod

70 1109 285 1156 simpliciter
304 1108 513 1156 complacet
535 1108 730 1156 appetitui,
753 1107 950 1155 pulchrum
979 1115 1103 1141 autem
1131 1107 1284 1149 dicatur,
1306 1106 1342 1140 id
1371 1108 1474 1153 cujus
1501 1106 1581 1153 ipsa
1605 1117 1663 1152 ap-

71 1163 266 1211 prehensio
287 1162 419 1210 placet.

649 1303 1001 1349 ARTICULUS
1038 1304 1093 1347 H.
1599 1325 1659 1360 155

425 1413 582 1444 UTRUM
611 1413 831 1444 COGNITIO
861 1414 930 1444 SIT
959 1413 1105 1443 CAUSA
1130 1413 1309 1443 AMORIS.

296 1501 381 1547 (2·2.
400 1513 431 1548 q.
453 1501 510 1538 26.
533 1507 600 1537 art.
619 1513 651 1537 2.
674 1501 718 1536 ad
737 1514 766 1538 1.
787 1507 816 1537 et
836 1514 864 1537 1.
887 1502 977 1537 Dist.
1000 1513 1045 1548 15.
1068 1513 1098 1548 q.
1120 1513 1154 1546 4.
1177 1507 1243 1537 art.
1266 1513 1293 1537 1.
1317 1501 1360 1535 ad
1377 1502 1435 1548 3.).

144 1591 206 1626 AD
225 1601 436 1627 SECUNDUM
447 1591 498 1626 sic
513 1591 734 1638 proceditur.
750 1591 915 1634 Videtur,
931 1591 1030 1638 quod
1050 1591 1213 1638 cognitio
1232 1602 1308 1625 non
1324 1591 1369 1625 sit
1383 1602 1493 1625 causa
1508 1590 1663 1625 amoris:

74 1645 172 1693 quod
195 1645 294 1680 enim
313 1645 449 1692 aliquid
467 1654 674 1693 quaeratur,
693 1646 766 1680 hoc
783 1646 963 1692 contingit
982 1657 1024 1680 ex
1039 1657 1186 1680 amore:
1207 1645 1269 1680 sed
1291 1645 1411 1692 aliqua
1430 1653 1664 1691 quaeruntur,

74 1711 167 1747 quae
188 1699 419 1743 nesciuntur;
441 1700 536 1735 sicut
553 1700 746 1735 scientiae:
771 1711 855 1734 cum
883 1700 982 1734 enim
1008 1700 1045 1733 in
1073 1700 1130 1734 his
1156 1699 1245 1734 idem
1270 1701 1313 1734 sit
1337 1711 1390 1734 eas
1417 1699 1549 1742 hahere,
1578 1698 1665 1745 quod

73 1765 127 1790 eas
147 1765 290 1797 noscere,
307 1761 348 1788 ut
364 1754 462 1801 Aug.
486 1754 573 1789 dicit
590 1754 627 1788 in
642 1753 734 1788 libro
757 1754 813 1800 83.
835 1753 925 1795 QQ.
941 1754 990 1800 (q.
1007 1765 1051 1800 35.
1067 1759 1143 1788 anta
1158 1753 1274 1799 med),
1291 1753 1321 1788 si
1340 1760 1664 1799 cognoscerentur,

71 1807 303 1850 haberentur,
325 1815 363 1843 et
382 1818 458 1843 non
479 1816 760 1854 quaererentur;
784 1819 872 1854 ergo
896 1808 1060 1854 cognitio
1082 1819 1158 1842 non
1181 1815 1235 1842 est
1254 1819 1364 1842 causa
1387 1807 1534 1842 amoris.

147 1871 180 1896 2.
202 1861 443 1897 PRAETEREA.
470 1861 646 1908 Ejusdem
675 1862 827 1896 rationis
857 1862 1001 1896 videtur
1023 1873 1114 1904 esse,
1137 1861 1235 1908 quod
1268 1861 1404 1908 aliquid
1434 1861 1666 1907 incognitum

75 1923 228 1959 ametur,
247 1924 283 1951 et
296 1916 396 1963 quod
415 1915 551 1963 aliquid
570 1925 712 1951 ametur
731 1915 824 1963 plus,
843 1927 954 1963 quam
979 1924 1244 1962 cognoscatur:
1268 1916 1330 1950 sed
1354 1915 1476 1962 aliqua
1498 1922 1666 1949 amantur

74 1969 167 2018 plus,
189 1981 301 2017 quam
323 1978 617 2017 cognoscantur3
644 1970 738 2005 sicut
763 1970 877 2012 Deus,
905 1970 967 2016 qui
993 1969 1029 2003 in
1060 1969 1130 2003 hac
1156 1969 1231 2003 vita
1262 1977 1382 2016 potest
1411 1980 1476 2016 per
1506 1969 1667 2014 seipsum

75 2024 202 2067 amari,
223 2035 301 2059 non
323 2032 447 2060 autern
468 2035 532 2072 per
553 2025 698 2071 seipum
721 2024 918 2071 cognosci;
939 2035 1027 2070 ergo
1044 2023 1207 2070 cognitio
1226 2034 1301 2058 non
1320 2031 1375 2058 est
1389 2034 1499 2058 causa
1519 2022 1666 2057 amoris.

150 2090 180 2126 3.
201 2078 443 2114 PRAETEREA.
466 2078 507 2114 Si
528 2078 692 2125 cognitio
716 2086 811 2114 esset
832 2089 942 2113 causa
965 2078 1101 2112 amoris
1123 2089 1198 2112 non
1221 2085 1346 2125 posset
1365 2077 1521 2112 inveniri
1548 2088 1663 2118 amor,

74 2133 139 2168 ubi
153 2143 230 2168 non
253 2141 307 2168 est
327 2133 513 2180 cognitio:
536 2133 599 2168 sed
621 2134 658 2168 in
681 2133 852 2167 omnibus
874 2133 979 2167 rebus
1002 2132 1184 2166 invenitur
1206 2144 1322 2174 amor,
1345 2141 1384 2166 ut
1405 2132 1494 2167 dicit
1510 2132 1666 2178 Dionys.

76 2197 110 2231 4.
133 2198 211 2235 cap.
235 2187 279 2222 de
301 2187 385 2222 Div.
407 2187 520 2222 Nom.
543 2187 634 2232 (lect.
658 2199 691 2234 9.
710 2188 746 2221 in
757 2188 902 2234 princ),
925 2197 1001 2221 non
1021 2195 1143 2221 autern
1162 2186 1199 2220 in
1219 2186 1390 2221 omnibus
1408 2186 1591 2220 invenitur
1610 2196 1668 2220 co-

77 2242 214 2290 gniti03
236 2253 325 2290 ergo
348 2242 513 2290 cognitio
534 2252 611 2276 non
634 2249 688 2276 est
710 2253 820 2276 causa
842 2241 991 2276 amoris.

149 2296 226 2333 si-:n
249 2307 408 2332 CONTRA
424 2304 489 2339 est,
511 2295 610 2343 quod
633 2296 788 2342 August.
811 2296 941 2343 probat
961 2296 998 2330 in
1019 2305 1070 2330 10.
1087 2295 1131 2329 de
1148 2294 1250 2329 Trin.
1271 2296 1322 2340 (in
1335 2296 1448 2342 princ.
1464 2295 1551 2340 lib),
1569 2293 1666 2340 quod

77 2350 199 2387 nullus
220 2359 342 2398 potest
363 2361 487 2386 amare
510 2350 646 2397 aliquid
669 2350 912 2396 incognitum.

149 2404 384 2441 stpouneo
399 2404 609 2446 dicendum,
625 2403 735 2451 quod,
751 2404 845 2439 sicut
859 2405 998 2439 dictum
1010 2412 1064 2439 est
1079 2403 1158 2449 (art.
1175 2403 1322 2451 praec),
1337 2403 1476 2438 bonum
1494 2412 1548 2438 est
1558 2414 1668 2437 causa

80 2459 217 2494 amoris
238 2470 303 2506 per
323 2459 479 2494 modum
502 2458 654 2505 objecti:
678 2458 818 2493 bonum
841 2467 964 2493 autem
985 2470 1061 2493 non
1088 2466 1143 2493 est
1169 2459 1356 2504 objectum
1384 2458 1576 2505 appetitus,
1598 2457 1669 2491 nisi

78 2520 187 2560 prout
207 2521 262 2548 est
282 2513 574 2560 apprehensum;
590 2520 625 2547 et
638 2512 722 2547 ideo
742 2524 847 2547 amor
865 2513 1016 2560 requirit
1035 2512 1195 2560 aliquam
1216 2513 1550 2559 apprehensionem
1569 2512 1668 2553 boni,

80 2567 179 2614 quod
202 2575 356 2603 amatur.
378 2567 424 2602 Et
444 2575 594 2614 propter
614 2567 686 2602 hoc
714 2567 853 2602 Philos.
876 2567 963 2602 dicit
989 2579 1021 2613 9.
1045 2567 1163 2602 Ethic.
1189 2566 1276 2614 (cap.
1300 2579 1329 2613 5.
1353 2572 1381 2602 et
1402 2578 1452 2602 12.
1472 2568 1506 2600 in
1523 2567 1667 2613 princ),

81 2621 179 2668 quod
205 2621 298 2657 visio
326 2620 529 2668 corporalis
557 2629 611 2656 est
637 2621 858 2668 principium
886 2621 1023 2655 amoris
1050 2621 1224 2663 sensitivi‚
1252 2628 1285 2655 et
1313 2620 1480 2655 similiter
1508 2628 1672 2654 contem-

81 2674 193 2724 platio
208 2675 404 2723 spiritualis
420 2674 712 2722 pulchritudinis,
731 2674 789 2710 vel
807 2675 980 2710 bonitatis
998 2683 1053 2710 est
1067 2675 1287 2722 principium
1303 2675 1439 2709 amoris
1453 2674 1669 2721 spiritualis;

81 2729 134 2766 sic
163 2729 274 2776 igitur
300 2729 466 2776 cognitio
495 2737 549 2764 est
575 2740 684 2764 causa
712 2729 849 2764 amoris
878 2740 921 2764 ea
953 2729 1108 2771 ratione,
1136 2741 1207 2776 qua
1237 2737 1273 2763 et
1298 2729 1440 2763 bonum
1469 2728 1567 2775 quod
1594 2739 1669 2763 non

81 2783 350 2831 potest‘amari,
371 2783 441 2818 nisi
463 2783 666 2830 cognitum.

153 2836 216 2872 An
229 2847 381 2872 ramum
399 2848 488 2884 ergo
507 2837 716 2879 dicendum,
731 2837 829 2884 quod
852 2836 925 2879 ille,
953 2837 1014 2884 qui
1036 2837 1177 2884 quaerit
1195 2836 1400 2879 scientiam,
1420 2847 1495 2870 non
1515 2836 1669 2871 omnino

82 2890 248 2937 ignorat3
268 2890 331 2926 sed
353 2890 556 2926 secundum
583 2889 718 2938 aliquid
746 2902 828 2926 eam
851 2891 1146 2938 praecognoscit,
1169 2890 1228 2925 vel
1254 2891 1291 2924 in
1318 2889 1526 2933 universali,
1547 2890 1607 2925 vel
1633 2891 1669 2925 in
