1907 3198
532 161 754 198 QUAEsno
785 161 861 190 vn.
895 160 1143 192 ARTICULUS
1176 160 1203 190 1.
1606 148 1658 204 83

85 245 325 283 intellectivae
346 243 567 291 cognitionis
581 243 626 278 sit
639 243 746 278 etiam
763 243 1027 278 nominationis
1041 254 1253 290 processus:
1276 243 1442 290 procedit
1463 252 1584 279 autem
1601 255 1664 279 no-

83 308 156 337 stra
181 300 342 346 cognitio
369 296 623 333 intellectualis
645 309 665 332 a
685 297 888 332 notioribus
915 297 959 332 ad
987 297 1107 332 minus
1133 305 1238 332 nota:
1260 305 1295 332 et
1316 297 1398 331 ideo
1426 297 1520 344 apud
1547 309 1615 333 nos
1643 310 1662 333 a

23 387 48 404 ,Ι
84 353 285 391 notioribus
311 352 463 388 nomina
489 351 751 387 transferuntur
774 351 817 385 ad
840 350 1121 397 significandum
1148 362 1203 386 res
1231 351 1350 386 minus
1376 359 1492 386 notas.
1516 351 1560 386 Et
1580 351 1662 386 inde

24 411 38 440 l
84 415 149 451 est,
170 407 280 455 quod,
302 408 394 442 sicut
415 405 545 441 dicitur
566 405 601 440 in
628 415 678 440 10.
702 405 942 452 Metaphysic.
965 406 1043 450 (tex.
1066 417 1109 452 13.
1138 410 1166 440 et
1193 406 1275 450 ιφ),
1301 405 1342 439 ab
1365 405 1434 448 his,
1461 417 1554 452 quae
1581 413 1664 440 sunt

29 448 41 499 i
83 461 283 499 secundum
298 460 434 503 locum,
450 459 628 507 processit
641 470 778 494 nomen
797 459 987 494 distantiae
1011 459 1055 494 ad
1078 459 1204 494 omnia
1219 459 1419 495 contraria:
1441 468 1476 494 et
1497 458 1664 494 similiter

23 500 43 552 'i
83 515 293 552 nominibus
319 514 579 561 pertinentibus
601 513 645 548 ad
673 521 814 548 motum
842 513 1001 548 localem
1028 513 1164 548 utimur
1191 513 1235 548 ad
1263 513 1543 560 significandum
1569 513 1661 549 alios

33 579 45 610 ι’
84 577 218 613 metm,
248 579 292 604 eo
319 568 417 616 quod
446 579 613 615 corpora,
643 578 734 614 quae
764 575 843 602 toto
874 567 1232 610 circumscribuntur,
1260 575 1344 602 sunt
1373 568 1531 602 maxime
1558 568 1663 602 nobis

83 631 183 660 nota.
200 622 246 658 Et
265 622 348 658 inde
369 630 434 664 est,
456 621 554 669 quod
575 632 712 656 nomen
731 622 1000 657 circumstantiae
1022 621 1065 656 ab
1087 621 1155 663 his,
1174 632 1267 668 quae
1294 621 1330 656 in
1352 621 1437 656 loco
1459 630 1554 664 sunt,
1575 621 1665 657 deri-

83 685 189 713 vatur
209 676 253 712 ad
275 686 376 712 actus
390 677 582 711 humanos.
598 675 740 710 Dicitur
755 684 876 710 autem
898 676 934 710 in
957 675 1134 710 localibus
1150 675 1284 722 aliquid
1305 677 1551 718 circumstare,
1565 676 1662 723 quod

86 739 141 769 est
163 730 580 780 quidem·extrinsecum
601 741 621 765 a
642 741 692 772 re,
718 738 841 765 tamen
869 729 1011 776 attingit
1037 730 1166 776 ipsam,
1188 729 1246 764 vel
1269 731 1536 776 appropinquat
1557 730 1591 764 ei
1613 741 1663 764 se-

86 785 247 823 cundum
267 784 410 820 locum:
426 793 461 819 et
474 784 557 819 ideo
579 795 830 831 quaecumque
842 784 1072 818 conditiones
1086 792 1170 818 sunt
1184 792 1283 818 extra
1298 784 1536 819 substantiam
1551 792 1663 826 actus,

31 834 52 849 '¹
85 847 123 877 et
145 847 269 875 tamen
295 839 477 886 attingunt
504 838 626 886 aliquo
654 838 766 872 modo
796 846 917 873 actum
946 838 1162 880 humanum,
1184 839 1454 873 circumstantiae
1476 838 1662 873 dicuntur:

86 893 185 942 quod
206 901 329 929 autem
350 901 405 929 est
425 901 524 928 extra
546 892 782 929 substantiam
802 892 853 927 rei
875 892 919 926 ad
941 903 1018 927 rem
1040 892 1157 938 ipsam
1178 893 1373 938 pertinens,
1396 892 1565 927 accidens
1587 893 1663 939 ejus

86 947 235 991 dicitur;
256 947 353 982 unde
373 948 642 983 circumstantiae
662 951 798 981 actuum
819 946 1043 981 humanorum
1064 946 1249 982 accidentia
1267 958 1382 981 eorum
1403 946 1558 982 dicendae
1577 951 1661 982 sunt.

159 1001 221 1037 AD
241 1011 392 1037 PRIMUM
414 1011 502 1047 ergo
524 1000 732 1043 dicendum,
753 1000 852 1048 quod
874 1000 992 1035 oratio
1014 999 1162 1047 quidem
1184 1000 1246 1035 dat
1266 999 1539 1036 firmamentum
1561 1012 1663 1047 argu-

87 1055 315 1098 mentationi,
332 1056 447 1103 primo
469 1065 512 1090 ex
537 1055 735 1090 substantia
758 1062 871 1097 actuS,
891 1054 1086 1089 secundario
1107 1065 1196 1089 vero
1224 1065 1267 1088 ex
1292 1054 1361 1097 his,
1387 1065 1481 1101 quae
1508 1055 1663 1089 circum-

87 1118 183 1146 stant
196 1117 329 1145 actum.
348 1108 452 1144 Sicut
459 1110 573 1156 primo
589 1108 803 1143 accusabilis
819 1108 978 1143 redditur
993 1108 1122 1155 aliquis
1144 1120 1186 1143 ex
1200 1107 1285 1150 hoc,
1301 1108 1399 1155 quod
1418 1109 1662 1144 homicidium

87 1163 190 1200 fecit:
209 1162 404 1199 secundario
417 1173 504 1197 vero
520 1173 561 1196 cx
583 1162 668 1204 hoc,
690 1162 787 1209 quod
806 1162 893 1197 dolo
916 1162 1012 1204 fecit,
1027 1162 1085 1197 vel
1108 1171 1255 1209 propter
1269 1163 1424 1205 lucrum,
1446 1163 1505 1198 vel
1519 1163 1555 1198 in
1576 1171 1665 1198 tern-

87 1228 188 1266 pore,
206 1215 266 1253 vel
282 1216 319 1251 in
341 1215 426 1251 loco
447 1226 565 1258 sacro,
587 1224 648 1250 aut
669 1215 804 1262 aliquid
826 1217 1055 1261 hujusmodi;
1078 1225 1113 1251 et
1134 1217 1216 1251 ideo
1239 1217 1424 1263 signanter
1445 1217 1543 1259 dicit,
1565 1217 1663 1264 quod

85 1282 152 1319 per
170 1269 481 1306 circumstantiam
507 1269 625 1304 oratio
648 1270 958 1316 argumentationi
985 1269 1259 1305 firmamentum
1281 1271 1455 1317 adjungit,
1483 1271 1586 1318 quasi
1612 1282 1663 1306 se-

87 1322 275 1364 cundario.

156 1377 218 1414 AD
238 1386 447 1413 SECUNDUM
468 1375 675 1419 dicendum,
697 1376 795 1424 quod
814 1376 948 1424 aliquid
968 1377 1099 1412 dicitur
1118 1377 1288 1413 accidens
1304 1378 1455 1424 alicujus
1473 1379 1662 1426 dupliciter.

92 1431 165 1468 Uno
184 1430 294 1474 modo,
320 1430 405 1478 quia
426 1430 519 1466 inest
545 1430 596 1466 ei:
624 1430 717 1465 sicut
741 1431 855 1466 album
885 1431 1017 1466 dicitur
1043 1431 1214 1466 accidens
1245 1431 1418 1467 Socratis.
1444 1433 1524 1468 Alio
1552 1433 1662 1476 modo,

85 1484 170 1533 quia
189 1492 245 1521 est
263 1482 374 1525 simul
394 1495 478 1519 cum
501 1495 545 1519 eo
567 1484 603 1518 in
625 1484 758 1519 eodem
785 1485 970 1530 subjecto;
993 1485 1086 1520 sicut
1111 1485 1254 1528 dicitur,
1277 1487 1375 1533 quod
1396 1487 1510 1522 album
1532 1488 1664 1522 accidit

85 1538 240 1581 musico,
252 1538 467 1586 inquantum
482 1539 715 1581 conveniunt,
727 1546 763 1574 et
775 1538 1053 1586 quodammodo
1069 1551 1107 1574 se
1123 1540 1341 1587 contingunt
1355 1541 1390 1575 in
1401 1553 1474 1576 uno
1485 1542 1662 1588 subjecto.

85 1591 130 1633 Et
150 1603 214 1640 per
233 1592 332 1628 hunc
360 1592 513 1628 modurn
535 1591 704 1627 dicuntur
726 1593 1020 1628 circumstantiae
1043 1594 1244 1630 accidentia
1267 1604 1427 1630 actuum.

156 1646 218 1682 AD
239 1656 411 1683 τεκτιυΜ
433 1645 641 1689 dicendum,
663 1646 773 1693 quod,
795 1648 888 1682 sicut
909 1647 1048 1682 dictum
1069 1656 1123 1682 est
1146 1648 1196 1692 (in
1218 1649 1312 1684 solut.
1322 1651 1469 1696 praec),
1493 1650 1662 1686 accidens

34 1717 37 1722 ·
84 1699 215 1735 dicitur
241 1700 420 1736 accidenti
441 1699 606 1735 accidere
628 1709 776 1748 propter
806 1701 1102 1736 convenientiam
1130 1703 1164 1736 in
1187 1703 1370 1749 subjecto:
1393 1705 1457 1739 sed
1485 1705 1556 1740 hoc
1580 1717 1665 1740 con-

83 1753 190 1802 tingit
207 1753 395 1802 dupliciter.
423 1754 498 1790 Uno
525 1754 632 1796 modo,
655 1754 856 1790 secundum
883 1756 981 1802 quod
1003 1755 1076 1791 duo
1099 1757 1302 1792 accidentia
1329 1767 1592 1805 comparantur
1619 1760 1662 1794 ad

83 1819 198 1843 unum
218 1808 420 1856 subjectum
443 1808 560 1855 abque
582 1807 706 1855 aliquo
725 1809 872 1852 ordine3
891 1809 984 1844 sicut
1005 1810 1130 1853 album,
1155 1819 1190 1846 et
1211 1813 1372 1847 musicum
1393 1812 1437 1847 ad
1459 1813 1662 1849 Socratem.

83 1861 165 1898 Alio
184 1861 282 1898 modo
308 1873 393 1898 cum
426 1861 548 1909 aliquo
579 1862 718 1906 ordine,
745 1871 835 1910 puta
856 1863 939 1910 quia
966 1864 1171 1910 subjectum
1197 1866 1324 1912 recipit
1350 1878 1464 1902 unum
1492 1868 1662 1903 accidens

83 1915 157 1952 alio
177 1916 376 1952 mediante:
396 1917 490 1952 sicut
507 1927 638 1964 corpus
658 1917 784 1964 recipit
803 1917 967 1953 colorem
988 1919 1171 1954 mediante
1191 1920 1403 1966 superficie:
1419 1929 1455 1956 et
1473 1922 1523 1956 sic
1547 1933 1661 1957 unum

83 1969 252 2007 accidens
273 1970 403 2007 dicitur
420 1971 530 2007 etiam
549 1970 653 2006 alteri
669 1971 798 2013 inesse,
820 1971 976 2006 dicimus
995 1973 1093 2007 enim
1116 1973 1281 2008 colorem
1304 1986 1382 2010 esse
1399 1975 1435 2009 in
1458 1975 1660 2022 superficie.

84 2023 250 2073 Utroque
271 2031 395 2061 autem
429 2025 542 2060 modo
564 2025 858 2060 circumstantiae
885 2037 921 2060 se
946 2026 1080 2062 habent
1101 2027 1145 2061 ad
1169 2036 1288 2062 actus:
1317 2040 1402 2063 narn
1432 2029 1574 2076 aliquae
1598 2031 1662 2066 cir-

84 2078 325 2114 cumstantiae
346 2078 533 2114 ordinatae
555 2079 599 2114 ad
627 2087 749 2114 actum
777 2080 956 2126 pertinent
983 2080 1026 2115 ad
1055 2089 1226 2127 agentem
1253 2093 1327 2117 non
1355 2083 1538 2118 mediante
1567 2093 1662 2127 actu,

84 2140 170 2180 puta
182 2131 298 2176 locus,
313 2140 349 2167 et
363 2133 526 2168 conditio
541 2144 738 2180 personae:
755 2133 897 2180 aliquae
912 2145 999 2168 vero
1014 2135 1197 2170 mediante
1216 2136 1295 2182 ipso
1311 2145 1406 2179 actu,
1421 2137 1516 2172 sicut
1529 2138 1662 2174 modus

85 2185 229 2237 agendi.

26 2366 36 2386 ”x
23 2166 41 2329 ‘b-X“·—-
32 2120 33 2124 Α

657 2351 1006 2398 ARTICULUS
1035 2354 1091 2397 11.
1621 2381 1663 2415 so

332 2459 485 2491 UTRUM
514 2460 902 2492 CIRCUMSTANTIAE
930 2462 1214 2493 HUMANORUM
1242 2464 1429 2496 ACTUUM

454 2525 554 2558 SINT
577 2526 949 2558 CONSIDERANDAE
976 2528 1003 2558 A
1030 2529 1294 2560 THEOLOGO.

24 2561 47 2708 ξ
385 2619 437 2665 (4.
456 2620 544 2656 Dist.
567 2621 620 2656 16.
641 2633 673 2668 q.
690 2633 719 2668 3.
741 2627 804 2657 art.
828 2635 855 2658 1.
877 2634 907 2669 q.
930 2635 957 2658 1.
980 2623 1023 2658 ad
1043 2635 1075 2660 2.
1098 2629 1125 2660 ct
1146 2637 1176 2671 q.
1199 2636 1230 2660 2.
1253 2627 1373 2672 corp).

31 2717 45 2743 ⁵
157 2718 220 2759 AD
239 2729 448 2758 szcuxnun
471 2719 522 2756 sic
543 2721 762 2768 proceditur.
784 2721 950 2766 Videtur,
973 2723 1070 2770 quod
1098 2725 1391 2760 circumstantiae
1414 2726 1661 2762 humanorum

87 2780 235 2812 actuum
255 2785 331 2814 non
345 2773 415 2809 sint
430 2774 716 2811 considerandae
735 2788 754 2812 a
778 2776 977 2824 Theologo
990 2789 1080 2813 :non
1097 2779 1193 2813 enim
1209 2780 1485 2815 considerantur
1499 2792 1517 2815 a
1542 2781 1664 2817 Theo-

84 2825 175 2875 logo
195 2835 297 2868 actus
317 2826 482 2871 humani,
503 2828 572 2864 nisi
592 2829 795 2866 secundum
817 2832 914 2878 quod
933 2840 1016 2867 sunt
1038 2832 1225 2879 aliquales,
1248 2833 1340 2868 idest
1358 2834 1455 2877 boni,
1474 2834 1532 2870 vel
1554 2835 1662 2871 mali:

87 2879 150 2919 sed
171 2880 466 2920 circumstantiae
487 2893 561 2918 non
576 2881 743 2919 videntur
756 2895 863 2932 posse
885 2884 1004 2921 facere
1027 2894 1128 2921 actus
1151 2886 1341 2933 aliquales:
1362 2888 1445 2935 quia
1466 2888 1557 2924 nihil
1579 2901 1662 2937 qua·
