1955 3182
273 213 327 255 90
701 211 922 246 QUAESTIO
957 211 1046 240 VIII.
1081 210 1326 241 ARTICULUS
1359 211 1402 241 II.

269 302 304 328 et
324 294 359 328 id
381 293 478 340 quod
500 301 553 327 est
575 293 618 326 ad
640 292 766 326 finem:
789 304 876 326 nam
896 304 951 327 ars
971 292 1208 339 gubernativa
1224 292 1284 338 [al.
1300 305 1355 327 ars
1367 293 1611 338 gubernatoris]
1631 292 1838 327 considerat

269 347 416 393 quidem
437 347 559 388 finem,
581 355 619 380 ut
640 358 749 392 quem
772 354 960 392 operatur3
982 346 1017 380 id
1041 353 1174 388 autem,
1197 347 1293 392 quod
1316 354 1369 381 est
1391 345 1435 380 ad
1456 345 1579 388 finem,
1600 354 1639 380 ut
1660 346 1758 392 quod
1774 346 1840 380 im-

269 408 379 447 perat.
402 400 430 434 E
453 408 579 434 contra
611 411 698 433 vero
732 398 950 433 navifactiva
985 399 1190 434 considerat
1211 400 1258 442 id,
1281 399 1378 446 quod
1400 407 1454 434 est
1475 399 1518 433 ad
1539 399 1662 442 finem,
1683 407 1722 434 ut
1742 399 1839 446 quod

269 461 454 500 operatur,
477 453 511 487 id
525 464 624 495 vero,
639 453 736 499 quod
752 460 805 487 est
818 452 909 495 finis,
925 461 962 487 ut
978 453 1022 487 ad
1037 452 1133 499 quod
1149 453 1292 487 ordinat
1304 453 1340 487 id
1355 452 1452 499 quod
1467 461 1646 499 operatur,
1661 460 1696 487 et
1708 453 1840 488 iterum

269 507 305 541 in
327 518 541 553 unaquaque
564 514 638 540 arte
662 506 848 552 operativa
870 514 924 540 est
945 514 980 541 θῖ
1001 506 1129 552 aliquis
1151 506 1231 541 finis
1253 507 1430 553 proprius,
1454 514 1489 540 et
1506 505 1651 553 aliquid,
1670 506 1768 553 quod
1787 514 1841 541 est

272 560 315 594 ad
337 559 467 602 finem3
490 559 587 606 quod
608 560 753 606 proprie
776 559 820 594 acl
842 559 943 594 illam
966 568 1080 594 artem
1105 561 1268 606 pertinet.

823 690 1169 736 ARTICULUS
1198 691 1277 735 ΙΙΙ.
1705 721 1712 726 -
1795 713 1833 749 55

433 799 587 830 UTRUM
614 799 848 830 VOLUNTAS
875 800 1025 830 EODEM
1051 800 1171 829 ACTU
1199 799 1441 830 MOVEATUR
1466 799 1511 830 IN
1537 799 1684 839 FINEM,

696 866 752 894 ET
779 865 824 896 IN
851 866 896 894 ID
925 865 1052 901 QUOD
1081 865 1160 895 EST
1189 865 1246 894 AD
1274 866 1419 896 FINEM.

513 954 617 1000 (Infr.
642 965 672 1000 q.
695 965 744 989 12.
768 959 831 988 art.
854 965 887 998 4.
908 960 996 1000 corp.
1019 959 1049 988 et
1064 965 1092 1000 3.
1115 953 1203 988 Dist.
1222 964 1273 998 14.
1292 958 1356 988 art.
1374 964 1406 988 2.
1421 964 1451 999 q.
1465 963 1498 998 4.
1517 958 1606 1000 corp.

682 1012 729 1052 >et
757 1008 844 1041 Veri.
867 1019 896 1053 q.
919 1019 950 1042 2.
974 1012 1037 1041 art.
1060 1018 1115 1051 24.
1140 1013 1230 1054 corp.
1253 1011 1281 1041 et
1302 1006 1344 1041 ad
1360 1007 1419 1054 3).

346 1098 406 1132 AD
429 1107 601 1132 TERTIUM
623 1097 673 1131 sic
696 1097 913 1143 proceditur.
936 1096 1100 1138 Videtur,
1127 1095 1224 1142 quod
1252 1095 1383 1130 eodem
1410 1103 1492 1130 actu
1518 1094 1686 1130 voluntas
1711 1094 1845 1130 feratur

274 1151 310 1185 in
331 1151 454 1193 finem,
478 1159 512 1185 et
532 1151 569 1185 in
591 1151 625 1184 id
649 1151 745 1196 quod
769 1158 822 1184 est
843 1150 886 1184 ad
908 1149 1037 1185 finem:
1066 1150 1149 1196 quia
1175 1149 1377 1184 secundum
1402 1148 1539 1184 Philos.
1568 1148 1642 1193 (lib.
1668 1161 1696 1184 ι.
1729 1149 1844 1196 Τορίσ.

276 1211 346 1252 cap.
369 1217 400 1240 2.
423 1206 457 1239 in
480 1205 595 1251 explic.
620 1204 684 1239 loci
704 1205 787 1249 22),
811 1204 869 1238 ubi
892 1211 944 1238 est
958 1215 1071 1238 unum
1085 1211 1230 1250 propter
1249 1203 1412 1245 alterum,
1427 1203 1476 1237 ibi
1490 1211 1543 1237 est
1556 1213 1670 1237 unum
1682 1209 1844 1237 tantum:

275 1259 337 1293 sed
357 1258 525 1293 voluntas
547 1269 621 1292 non
647 1257 724 1292 vult
743 1258 778 1291 id
801 1257 897 1304 quod
921 1265 973 1292 est
995 1257 1038 1291 ad
1061 1257 1171 1291 finem
1193 1257 1262 1291 nisi
1282 1264 1428 1303 propter
1449 1256 1579 1300 finem;
1603 1267 1690 1303 ergo
1713 1256 1845 1291 eodem

277 1320 358 1347 actu
380 1320 548 1347 movetur
568 1312 605 1346 in
627 1320 829 1358 utrumque.

349 1377 379 1400 2.
402 1366 638 1401 PRAETEREA.
661 1365 757 1399 Finis
777 1373 828 1399 est
847 1365 938 1399 ratio
953 1364 1100 1399 volendi
1116 1376 1169 1407 ea,
1192 1376 1283 1411 quae
1298 1371 1381 1398 sunt
1399 1363 1443 1398 ad
1461 1363 1589 1407 finem3
1611 1364 1704 1398 sicut
1721 1363 1845 1398 lumen

277 1428 331 1455 θεῖ
350 1421 441 1455 ratio
468 1419 616 1454 visionis
645 1419 830 1453 colorum:
859 1419 920 1453 sed
950 1419 1081 1453 eodem
1109 1427 1190 1453 actu
1217 1418 1359 1452 videtur
1384 1417 1520 1460 lumen,
1549 1426 1584 1452 et
1609 1417 1731 1461 color;
1758 1429 1845 1465 ergo

277 1474 375 1508 idem
397 1481 451 1508 est
472 1481 592 1508 motus
613 1472 820 1514 voluntatis,
843 1484 915 1519 quo
937 1472 1013 1506 vult
1033 1472 1156 1514 finem,
1179 1480 1214 1506 et
1236 1483 1277 1506 ea
1299 1482 1390 1518 quae
1412 1479 1496 1505 sunt
1516 1471 1560 1505 ad
1581 1471 1702 1506 finem.

351 1539 380 1574 3.
403 1528 638 1562 PRAETEREA.
662 1527 763 1561 Idem
784 1537 937 1561 numero
958 1527 1088 1560 modus
1109 1526 1281 1560 naturalis
1297 1534 1360 1568 est,
1379 1525 1440 1572 qui
1457 1537 1520 1572 per
1537 1525 1657 1561 media
1670 1526 1785 1561 tendit
1802 1525 1846 1560 ad

279 1581 464 1616 ultimum:
489 1581 550 1615 sed
573 1592 614 1615 ea
642 1592 733 1627 quae
756 1588 838 1614 sunt
864 1580 907 1614 ad
934 1579 1056 1622 finem,
1083 1580 1176 1614 sicut
1202 1580 1323 1614 media
1350 1579 1394 1613 ad
1420 1578 1609 1623 ultimum3
1636 1591 1723 1627 ergo
1749 1580 1847 1615 idem

279 1644 399 1670 motus
425 1635 622 1670 voluntatis
649 1641 712 1677 est,
740 1646 811 1681 quo
838 1633 1006 1669 voluntas
1033 1633 1144 1669 fertur
1169 1634 1205 1668 in
1232 1633 1356 1676 finem,
1385 1642 1420 1668 et
1444 1633 1482 1668 in
1507 1645 1549 1668 ea
1576 1646 1668 1681 quae
1693 1642 1777 1670 sunt
1803 1633 1846 1668 ad

278 1690 398 1724 finem.

352 1743 426 1778 SED
449 1754 615 1778 CONTRA.
639 1743 752 1777 Actus
775 1741 1059 1776 diversificantur
1080 1741 1282 1776 secundum
1304 1741 1464 1787 obJecta:
1491 1740 1555 1776 sed
1581 1741 1744 1776 diversae
1766 1753 1844 1789 spe-

278 1797 350 1832 cies
371 1798 458 1831 boni
484 1804 564 1831 sunt
585 1796 682 1830 finis:
712 1804 746 1831 et
771 1796 806 1830 id
833 1796 930 1842 quod
957 1804 1010 1830 θῑῖ
1036 1794 1224 1838 adfinem,
1252 1795 1349 1842 quod
1375 1795 1506 1830 dicitur
1530 1796 1633 1837 utile;
1662 1807 1750 1843 ergo
1771 1807 1847 1831 non

280 1851 412 1886 eodem
437 1859 519 1885 actu
540 1850 708 1885 voluntas
730 1849 840 1884 fertur
861 1850 896 1884 in
919 1858 1122 1896 utrumque.

349 1905 575 1940 RESPONDEO
598 1905 804 1946 dicendum,
827 1904 924 1950 quod
946 1915 1030 1938 curn
1051 1903 1131 1938 finis
1153 1903 1199 1938 sit
1219 1903 1420 1938 secundum
1441 1914 1480 1938 se
1497 1903 1642 1946 volitus,
1664 1903 1700 1938 id
1726 1911 1847 1939 autem

279 1959 375 2005 quod
391 1967 444 1993 est
462 1959 505 1993 ad
523 1958 646 2001 finem,
667 1958 880 2004 inquantum
904 1958 1126 2004 hujusmodi,
1147 1969 1221 1992 non
1243 1957 1288 1991 sit
1308 1957 1464 1992 volitum
1479 1957 1549 1992 nisi
1562 1965 1709 2004 propter
1725 1957 1848 2001 finem,

280 2012 511 2047 manifestum
533 2022 596 2055 est,
624 2013 719 2059 quod
747 2012 914 2046 voluntas
941 2020 1061 2058 potest
1081 2011 1164 2046 ferri
1185 2011 1222 2045 in
1244 2011 1365 2054 finem,
1387 2011 1602 2058 inquantum
1626 2011 1848 2058 hujusmodi,

280 2067 356 2101 sine
370 2067 441 2101 hoc
457 2067 552 2113 quod
567 2066 701 2100 feratur
715 2066 750 2100 in
766 2078 807 2100 ea
823 2077 914 2112 quae
929 2074 1012 2100 sunt
1027 2065 1069 2099 ad
1091 2065 1221 2100 finem:
1244 2065 1305 2099 sed
1324 2065 1359 2099 in
1379 2076 1432 2107 ea,
1451 2077 1543 2111 quae
1562 2073 1644 2100 sunt
1662 2065 1706 2100 ad
1724 2065 1848 2108 finem,

281 2121 494 2167 inquantum
508 2120 729 2166 hujusmodi,
748 2131 822 2154 non
841 2128 960 2166 potest
976 2119 1071 2161 ferri,
1093 2119 1160 2153 nisi
1181 2118 1316 2153 feratur
1336 2119 1372 2153 in
1394 2120 1512 2165 ipsum
1531 2119 1661 2162 finem3
1682 2119 1733 2154 sic
1761 2130 1848 2166 ergo

280 2174 448 2208 voluntas
471 2174 507 2208 in
528 2174 648 2220 ipsum
670 2173 796 2216 finem,
819 2174 869 2207 sic
892 2185 979 2220 ergo
1001 2173 1169 2208 voluntas
1190 2173 1227 2207 in
1245 2173 1365 2219 ipsum
1386 2172 1496 2207 finem
1518 2173 1693 2220 dupliciter
1717 2172 1847 2216 fertur3

281 2240 346 2263 uno
367 2227 462 2262 modo
485 2227 648 2262 absolute
670 2226 870 2261 secundum
891 2239 947 2262 se:
970 2228 1036 2262 alio
1059 2227 1154 2262 modo
1176 2227 1268 2261 sicut
1289 2227 1325 2261 in
1346 2226 1486 2261 ratione
1512 2227 1660 2262 volendi
1686 2238 1729 2262 ea
1756 2238 1848 2274 quae

281 2290 363 2316 sunt
385 2282 427 2315 ad
448 2281 567 2315 finem.

352 2334 583 2369 Manifestum
607 2343 659 2369 est
680 2345 779 2381 ergo,
802 2334 897 2381 quod
920 2346 1011 2369 unus
1034 2342 1068 2369 et
1089 2334 1186 2369 idem
1208 2342 1328 2369 motus
1349 2333 1546 2369 voluntatis
1564 2341 1628 2377 est,
1646 2345 1718 2381 quo
1739 2333 1850 2369 fertur

281 2390 317 2423 in
340 2389 461 2431 finem,
483 2389 682 2423 secundum
706 2389 802 2434 quod
826 2396 877 2422 est
900 2388 990 2422 ratio
1013 2388 1161 2422 volendi
1183 2400 1224 2422 ea
1247 2400 1338 2435 quae
1360 2395 1442 2423 sunt
1464 2387 1507 2422 ad
1528 2387 1651 2430 finem,
1673 2388 1757 2422 etin
1772 2388 1850 2435 ipsa

282 2454 373 2490 quae
396 2451 478 2477 sunt
499 2442 542 2476 ad
566 2442 685 2476 finem.
711 2442 780 2476 Sed
805 2441 894 2475 alius
918 2450 1018 2476 actus
1041 2450 1104 2483 θεῖ,
1127 2453 1198 2488 quo
1221 2441 1332 2476 fertur
1353 2442 1388 2476 in
1410 2442 1529 2488 ipsum
1543 2441 1654 2476 finem
1671 2442 1850 2484 obsolute,

282 2505 316 2531 et
338 2496 555 2543 quandoque
577 2496 741 2542 procedit
761 2503 943 2541 tempore:
970 2496 1062 2530 sicut
1090 2507 1173 2530 cum
1196 2495 1324 2542 aliquis
1351 2496 1469 2542 primo
1491 2495 1568 2530 vult
1589 2497 1792 2538 sanitatem,
1815 2503 1851 2530 et

281 2559 406 2597 postea
433 2550 632 2585 deliberans
660 2561 731 2596 quo
758 2550 870 2583 modo
898 2550 1009 2596 possit
1036 2550 1165 2591 sanari,
1192 2549 1268 2584 vult
1295 2550 1498 2584 conducere
1521 2549 1717 2592 medicum,
1740 2558 1778 2584 ut
1798 2560 1850 2584 sa-

282 2613 403 2639 netur:
423 2605 472 2638 sic
496 2604 604 2638 etiam
627 2612 661 2638 et
683 2603 778 2637 circa
793 2602 1017 2637 intellectum
1041 2603 1190 2645 accidit3
1212 2615 1298 2637 nam
1312 2603 1431 2650 primo
1447 2603 1575 2650 aliquis
1590 2602 1758 2650 intelligit
1774 2603 1850 2650 ipsa

282 2657 454 2704 principia
478 2657 678 2692 secundum
700 2669 756 2699 εθ;
784 2656 1020 2703 postmodum
1043 2665 1163 2691 autem
1184 2656 1351 2703 intelligit
1372 2657 1407 2691 in
1429 2657 1515 2703 ipsis
1542 2656 1849 2699 conclusionibus,

282 2711 481 2746 secundum
504 2711 600 2757 quod
623 2711 770 2745 assentit
797 2709 1092 2744 conclusionibus
1115 2718 1261 2756 propter
1283 2710 1468 2757 principia.

355 2766 414 2800 Au
437 2776 585 2800 Firmum
609 2776 695 2810 ergo
718 2764 924 2806 dicendum,
947 2764 1042 2810 quod
1065 2764 1155 2798 ratio
1178 2764 1238 2798 illa
1261 2764 1435 2810 procedit,
1454 2764 1654 2799 secundum
1673 2764 1770 2811 quod
1791 2775 1850 2799 vo-

283 2818 400 2853 luntas
419 2818 530 2853 fertur
550 2819 586 2853 in
609 2818 734 2861 finem,
758 2826 795 2852 ut
817 2826 869 2852 cst
889 2818 981 2852 ratio
1003 2818 1149 2852 volendi
1171 2829 1212 2852 ea
1232 2829 1324 2864 quae
1346 2826 1428 2852 sunt
1449 2817 1493 2852 ad
1514 2817 1636 2853 finem.

355 2874 415 2908 AD
438 2884 644 2909 SECUNDUM
667 2873 872 2915 dicendum,
895 2872 990 2919 quod
1013 2872 1317 2919 quandocumque
1331 2872 1471 2907 videtur
1490 2871 1604 2915 color,
1622 2871 1754 2907 eodem
1768 2880 1850 2907 actu

283 2927 423 2962 videtur
443 2927 582 2962 lumen:
611 2935 729 2974 potest
749 2935 871 2962 tamen
893 2926 1005 2961 videri
1026 2926 1151 2961 lumen
1173 2926 1249 2961 sinc
1270 2926 1341 2961 hoc
1365 2925 1462 2973 quod
1483 2926 1648 2961 videatur
1669 2924 1791 2961 color:
1814 2934 1850 2961 et
