1875 3198
203 196 287 251 708
606 207 826 243 QUAESTlO
860 206 978 235 XCIX.
1014 205 1260 236 ARTICULUS
1295 205 1350 234 IV.

764 358 1110 403 ARTICULUS
1151 358 1226 401 IV.
1712 378 1774 414 527

296 470 448 500 UTRUM
482 469 674 499 PRAETER
707 467 963 498 PRAECEPTA
996 467 1207 506 MORALIA,
1235 467 1290 496 ET
1326 466 1698 505 CAEREMONIALIA,

574 534 671 563 SINT
704 534 842 563 ETIAM
874 533 1127 563 PRAECEPTA
1154 532 1418 575 JUDICIALIA.

376 624 480 669 (Insr.
503 628 568 657 art.
588 634 616 668 5.
639 628 729 668 corp.
752 627 780 656 ct
806 634 835 668 q.
858 634 927 657 101.
951 627 1016 657 art.
1039 634 1066 657 1.
1090 628 1179 669 corp.
1202 626 1230 656 ct
1252 633 1281 667 q.
1303 633 1371 667 103.
1394 626 1457 655 art.
1480 633 1508 655 1.
1531 626 1619 666 corp.

209 684 274 725 atq.
290 689 365 722 104.
378 683 442 712 art.
452 690 479 712 I.
492 682 521 712 et
531 688 600 711 2-2.
612 688 641 722 q.
654 687 705 722 77.
718 681 781 710 αντ.
793 688 820 711 1.
831 682 919 722 corp.
929 682 993 722 εἰς.
1004 687 1075 710 122.
1091 681 1156 710 art.
1172 688 1199 710 I.
1211 675 1254 710 ad
1263 687 1294 710 2.
1310 680 1339 710 et
1350 675 1441 721 lib.3.
1456 675 1572 710 Contr.
1582 685 1612 720 g.
1625 680 1695 720 cap.
1711 675 1783 709 128.

567 735 595 765 et
619 729 741 774 Qicodl.
765 741 796 764 2.
818 734 882 764 art.
906 730 938 764 S.
962 736 1050 776 corp.
1070 734 1100 764 et
1120 740 1153 774 4.
1176 734 1240 764 art.
1262 741 1289 764 1.
1313 730 1432 775 corp).

284 826 343 860 AD
366 835 555 865 QUARTUM
578 826 628 859 sic
652 825 867 871 proceditur.
891 823 1053 867 Videtur,
1074 824 1171 870 quod
1192 832 1334 870 praeter
1353 831 1545 871 praecepta
1567 822 1732 865 moralia,
1755 830 1789 857 et

213 878 506 920 caeremonialia,
528 890 603 912 non
625 878 695 912 sint
717 878 837 924 aliqua
859 885 1051 924 praecepta
1072 878 1254 924 judicialia
1276 878 1312 912 in
1333 877 1446 912 veteri
1466 877 1564 924 lege:
1587 877 1673 912 dicit
1691 877 1789 911 enim

214 934 367 979 August.
397 940 522 966 contra
548 931 722 965 Faustum
745 932 820 976 (lib.
844 932 876 966 6.
899 937 972 978 cap.
1000 943 1031 966 2.
1054 937 1086 966 et
1107 932 1162 966 lib.
1185 944 1236 967 10.
1260 938 1330 978 cap.
1353 943 1384 966 2.
1407 936 1435 965 et
1456 932 1512 965 lib.
1534 943 1585 977 19.
1609 937 1679 977 cap.
1706 930 1788 974 18),

215 987 312 1033 quod
332 987 368 1020 in
390 985 470 1032 lege
493 986 606 1020 veteri
633 993 716 1019 sunt
742 993 935 1031 praecepta
961 986 1056 1020 vitae
1079 986 1253 1032 agendae,
1277 992 1311 1020 et
1332 993 1524 1032 praecepta
1545 985 1639 1019 vitae
1661 984 1793 1031 signifi-

216 1041 372 1076 candae:
399 1041 461 1074 sed
484 1048 677 1086 praecepta
704 1039 799 1074 vitae
828 1039 990 1085 agendae
1017 1048 1100 1074 sunt
1126 1039 1291 1081 moralia,
1325 1047 1516 1086 praecepta
1550 1046 1672 1073 autem
1697 1038 1793 1071 vitae

216 1094 476 1141 significandae
496 1102 578 1127 sunt
598 1093 880 1127 caeremonialia
897 1105 904 1135 ;
921 1104 1007 1139 ergo
1028 1101 1147 1139 prater
1164 1093 1255 1127 haec
1271 1093 1342 1127 duo
1362 1103 1495 1139 genera
1514 1099 1794 1139 praeceptorum

217 1160 291 1183 non
314 1156 396 1183 sunt
417 1147 586 1194 ponenda
608 1147 644 1180 in
666 1146 747 1193 lege
770 1146 839 1180 alia
861 1155 1054 1193 praecepta
1076 1147 1269 1192 judicialia.

291 1213 321 1236 2.
350 1202 588 1236 PRAETEREA.
619 1201 735 1247 Super
762 1200 850 1234 illud
878 1201 936 1235 Ps.
968 1201 1064 1236 118.:
1097 1202 1128 1235 A
1151 1201 1289 1247 judiciis
1317 1201 1379 1236 tuis
1408 1212 1474 1235 non
1500 1200 1676 1242 declinavi,
1711 1198 1798 1232 dicit

221 1256 323 1291 Glos.
347 1256 434 1301 (ord.
466 1255 644 1300 Cassiod),
670 1254 746 1289 idest
768 1256 808 1289 al]
831 1255 892 1297 his,
916 1266 998 1300 quac
1017 1256 1212 1289 constituisti
1234 1254 1383 1300 regulam
1404 1255 1565 1289 vivendi:
1589 1253 1650 1288 sed
1672 1251 1798 1299 regula

220 1310 367 1345 vivendi
393 1310 549 1356 pertinet
576 1309 619 1342 ad
646 1316 840 1355 praecepta
868 1308 1040 1351 moralia3
1069 1320 1156 1355 ergo
1184 1315 1378 1355 praecepta
1403 1307 1587 1354 judicialia
1620 1318 1695 1341 non
1717 1313 1800 1341 sunt

221 1363 475 1409 distinguenda
498 1374 517 1396 a
540 1362 750 1397 moralibus.

296 1429 324 1463 3.
344 1417 582 1452 PRAETEREA.
593 1416 777 1462 Judicium
792 1415 932 1450 videtur
947 1427 1024 1450 esse
1036 1423 1136 1450 actus
1150 1415 1319 1462 justitiae,
1335 1415 1536 1450 secundum
1547 1414 1635 1449 illud
1649 1415 1707 1449 Ps.
1722 1425 1799 1461 93.:

228 1471 451 1517 Qitoadusqite
467 1472 601 1517 justitia
623 1475 839 1505 convertatur
860 1471 895 1504 in
913 1470 1102 1515 judiciium:
1129 1469 1191 1504 sed
1220 1477 1320 1504 actus
1341 1469 1510 1515 justitiae,
1532 1469 1625 1503 sicut
1646 1476 1681 1503 et
1701 1475 1801 1502 actus

226 1533 452 1559 caeterarum
469 1524 657 1565 virtutum,
675 1523 830 1570 pertinet
848 1523 891 1557 ad
913 1531 1105 1570 praecepta
1126 1522 1302 1566 moralia;
1325 1534 1412 1569 ergo
1435 1530 1627 1570 praecepta
1649 1521 1802 1557 moralia

228 1578 419 1613 includunt
440 1578 475 1611 in
498 1589 535 1612 se
556 1577 760 1623 judicialia;
783 1585 818 1611 et
839 1577 889 1611 sic
912 1588 987 1612 non
1009 1577 1140 1611 debent
1161 1577 1204 1611 ab
1224 1577 1275 1611 eis
1297 1577 1478 1623 distingui.

301 1632 376 1666 SED
405 1641 561 1666 CONTRA
590 1639 654 1673 est,
682 1631 779 1677 quod
806 1631 937 1665 dicitur
963 1631 1071 1665 Deut.
1099 1630 1151 1665 6.:
1178 1631 1271 1666 Haec
1291 1636 1367 1666 sunt
1382 1635 1572 1678 praecepta,
1592 1636 1621 1666 et
1641 1641 1805 1666 caeremo-

227 1688 314 1729 niae,
338 1691 436 1732 atque
453 1685 606 1732 jzcsiicia,·
634 1693 827 1732 praecepta
854 1693 977 1719 autem
1005 1685 1298 1720 antonomastice
1325 1685 1493 1719 dicuntur
1519 1683 1689 1727 moralia3
1716 1694 1804 1730 ergo

228 1747 369 1787 praeter
391 1747 584 1786 praecepta
607 1738 774 1780 moralia,
798 1746 831 1773 et
854 1738 1149 1781 caeremonialia,
1171 1746 1254 1773 sunt
1275 1739 1386 1773 etiam
1406 1738 1600 1784 judicialia.

301 1793 532 1828 RESPONDEO
552 1793 759 1835 dicendum,
781 1793 878 1838 quod
897 1792 990 1826 sicut
1007 1792 1145 1827 dictum
1164 1800 1217 1827 est
1237 1792 1317 1837 (art.
1332 1804 1362 1827 2.
1378 1797 1406 1827 et
1419 1804 1447 1839 3.
1466 1792 1535 1838 huj.
1550 1792 1610 1838 q),
1627 1791 1671 1834 ad
1685 1791 1807 1837 legem

229 1848 390 1882 divinam
424 1847 589 1893 pertinet,
617 1854 655 1881 ut
681 1846 824 1880 ordinet
850 1846 1019 1880 homines
1047 1846 1091 1880 ad
1112 1846 1283 1888 invicem,
1309 1854 1345 1881 et
1375 1845 1419 1880 ad
1440 1846 1580 1880 Deum:
1615 1853 1808 1891 utrumque

235 1909 356 1936 autem
385 1900 519 1934 horum
546 1900 583 1934 in
610 1901 800 1935 communi
826 1900 974 1946 quidem
1002 1900 1157 1946 pertinet
1183 1899 1227 1934 ad
1254 1900 1437 1934 dictamen
1464 1899 1554 1945 legis
1580 1907 1741 1941 naturae,
1765 1897 1808 1932 ad

231 1955 328 2002 quod
350 1954 553 1989 referuntur
574 1953 729 1988 moralia
750 1961 955 2000 praecepta,
974 1953 1036 1988 sed
1056 1961 1210 2000 oportet,
1229 1953 1325 2000 quod
1345 1953 1602 1988 determinetur
1616 1961 1810 1998 utrumque
1828 1984 1829 1987 ,

231 2021 294 2056 per
315 2008 437 2055 legem
459 2008 632 2050 divinam,
654 2007 712 2042 vel
734 2007 953 2041 humanam:
978 2007 1061 2053 quia
1083 2007 1259 2053 principia
1272 2006 1483 2041 naturaliter
1503 2014 1591 2041 nota
1613 2014 1695 2041 sunt
1713 2017 1811 2040 com·
1825 2014 1829 2055 j

233 2062 357 2096 munia
383 2070 459 2096 tam
486 2062 523 2096 in
550 2061 793 2108 speculativis,
821 2072 931 2107 quam
958 2061 994 2094 in
1022 2061 1166 2104 activis;
1195 2061 1287 2096 sicut
1307 2061 1415 2107 igitur
1437 2060 1690 2095 determinatio
1713 2071 1827 2094 com--

233 2116 353 2150 munis
375 2116 558 2162 praecepti
581 2115 624 2149 de
647 2115 745 2149 cultu
768 2115 892 2149 divino
915 2114 953 2149 fit
979 2126 1043 2161 per
1068 2122 1262 2161 praecepta
1288 2113 1587 2149 caeremonialiai
1616 2115 1666 2149 sic
1694 2122 1729 2148 et
1754 2113 1831 2155 de-'3x

233 2170 441 2204 terminatio
470 2169 676 2203 communis
704 2168 889 2215 praecepti
916 2169 958 2203 de
981 2168 1114 2214 justitia
1138 2168 1362 2203 observanda
1388 2168 1480 2202 inter
1505 2167 1674 2202 homines
1701 2159 1830 2210 deterri

236 2224 393 2258 minatur
419 2234 482 2269 per
512 2230 705 2269 praecepta
735 2221 931 2267 judicialia.
960 2221 1003 2256 Et
1029 2223 1231 2256 secundum
1257 2222 1328 2256 hoc
1364 2229 1507 2268 oportet
1527 2221 1595 2256 tria
1620 2215 1829 2268 praeceptai

235 2277 326 2323 legis
348 2276 479 2311 veteris
501 2287 659 2322 ponere3
688 2275 826 2310 scilicet
852 2276 1009 2317 moralia,
1032 2287 1125 2322 quae
1147 2284 1230 2310 sunt
1251 2275 1294 2310 de
1317 2275 1512 2310 dictamine
1531 2274 1622 2321 legis
1643 2282 1792 2308 naturae
1803 2271 1818 2316 ;>

237 2330 491 2372 cacrcmonalia,
528 2341 619 2376 quae
653 2337 737 2363 sunt
766 2329 1089 2363 determinationes
1124 2329 1241 2363 cultus
1271 2329 1402 2372 divini3
1438 2337 1472 2363 et
1502 2328 1693 2374 judicialia,
1721 2336 1817 2374 quae.¹

238 2393 320 2419 sunt
342 2383 664 2418 determinationes
686 2383 843 2428 justitiae
866 2383 958 2417 inter
979 2383 1148 2417 homines
1169 2382 1427 2417 observandae.
1451 2382 1557 2417 Unde
1580 2393 1663 2416 cum
1685 2381 1813 2428 Apost.
1831 2403 1833 2407 ν

238 2440 345 2474 Rom.
370 2449 400 2484 7.
429 2439 574 2473 dixisset
601 2438 697 2484 quod
726 2437 776 2471 lex
803 2442 845 2471 cst
864 2441 991 2479 sancta,
1020 2436 1215 2482 subjungit,
1243 2436 1340 2483 quod
1361 2436 1558 2471 mandatum
1579 2438 1765 2482 estjustum
1786 2437 1819 2471 et

240 2495 375 2535 honum,
398 2498 428 2528 et
446 2497 617 2527 sanctiam:
640 2492 775 2536 justum
798 2491 945 2536 quidem
964 2498 1140 2536 quantum
1171 2501 1211 2524 ac
1228 2489 1420 2536 judicialia,
1451 2497 1617 2524 sanctum
1641 2496 1775 2535 quantu
1804 2494 1807 2495 ’

240 2547 283 2581 ad
318 2546 575 2582 caeremonialia
614 2546 717 2589 (nam
744 2552 910 2578 sanctum
938 2544 1078 2586 dicitur,
1106 2544 1203 2590 quod
1235 2552 1287 2577 est
1321 2543 1402 2578 Deo
1438 2543 1627 2587 dicatum),
1666 2543 1817 2577 bonum'

240 2601 333 2636 idest
353 2600 563 2641 honesturn,
587 2606 762 2645 quantum
787 2598 830 2631 ad
852 2598 1009 2632 moralia.

314 2654 374 2688 AD
404 2664 555 2688 PRIMUM
583 2663 670 2698 ergo
698 2651 904 2693 dicendum,
935 2650 1032 2697 quod
1059 2659 1136 2685 tam
1158 2658 1351 2697 praecepta
1378 2649 1544 2692 moralia,
1571 2660 1680 2696 quam
1707 2648 1777 2683 etia
1814 2658 1816 2661 ·

242 2707 424 2754 judicialia
452 2707 632 2753 pertinent
659 2705 702 2740 ad
730 2704 969 2738 directionem
996 2704 1090 2738 vitae
1117 2704 1323 2746 humanae3
1349 2711 1385 2738 et
1410 2703 1492 2738 ideo
1520 2711 1670 2749 utraque
1704 2699 1825 2747 conti-fi

243 2770 372 2796 nentur
394 2761 457 2795 sub
482 2772 554 2794 uno
577 2759 742 2794 membro
764 2757 925 2800 illorum,
947 2769 1039 2804 quae
1058 2758 1161 2804 ponit
1183 2757 1349 2803 August,
1371 2756 1509 2791 scilicet
1530 2756 1594 2791 sub
1617 2755 1825 2803 praeceptis.

244 2816 338 2850 vitae
362 2814 535 2860 agendae.

319 2869 378 2903 AD
399 2878 606 2903 SECUNDUM
629 2866 836 2907 dicendum,
859 2864 955 2911 quod
975 2864 1142 2910 judicium
1169 2863 1348 2910 significat
1375 2863 1624 2898 executionem
1652 2862 1819 2908 justitiae,

248 2935 338 2971 quae
361 2922 508 2969 quidem
531 2929 584 2956 est
605 2919 805 2955 secundum
830 2918 1111 2965 applicationem
1135 2918 1284 2953 rationis
1307 2918 1350 2952 ad
1374 2917 1492 2964 aliqua
1516 2916 1744 2964 particularIa
1763 2915 1818 2952 de·
