1907 3198
484 154 709 191 QUAESTIO
743 154 894 184 XXXIV.
928 153 1178 184 ARTICULUS
1210 154 1268 184 IV.
1577 144 1658 185 261

638 308 990 355 ARTICULUS
1024 309 1100 352 IV.
1598 331 1660 369 197

279 418 434 448 UTRUM
467 419 755 448 DELECTATIO
791 418 858 448 SIT
893 418 1112 457 MENSURA,
1145 418 1228 447 VEL
1261 418 1451 458 REGULA,

109 484 350 516 SECUNDUM
377 485 503 520 QUAM
526 485 777 528 JUDICETUR
804 485 972 525 BONUM,
1000 485 1082 514 VEL
1112 485 1268 514 MALUM
1296 485 1341 516 IN
1367 484 1633 515 MORALIBUS.

524 573 572 618 (4.
589 574 678 609 Dist.
697 585 754 620 49.
775 585 804 620 q.
824 585 852 620 3.
875 579 940 608 art.
957 584 989 618 4.
1006 585 1037 620 q.
1056 585 1084 620 3.
1105 573 1148 608 acl
1163 573 1222 619 1.).

148 664 209 699 AD
224 674 415 704 QUARTUM
437 664 487 698 sic
507 664 726 710 proceditur.
742 664 906 709 Videtur,
922 664 1020 711 quod
1039 663 1234 699 delectatio
1250 675 1325 698 non
1345 663 1390 698 sit
1409 674 1593 705 mensura,
1608 663 1666 697 vel

78 717 204 765 regula
225 718 324 760 boni,
347 725 382 753 et
403 717 492 752 mali
514 717 684 752 moralis:
709 720 822 753 omnin
844 720 930 753 enini
954 723 1190 753 mensurantur
1204 719 1319 765 primo
1338 719 1389 753 sni
1406 718 1544 763 generis,
1566 725 1604 751 ut
1619 717 1668 751 di-

79 773 170 808 citur
191 773 227 807 in
254 783 305 808 10.
327 772 490 819 Metaph.
509 774 588 818 (tex.
608 785 636 819 3.
656 778 684 807 et
704 774 754 818 4.)
769 786 779 808 .·
801 773 864 807 sed
887 772 1082 814 delectatio
1110 784 1186 807 non
1214 780 1267 808 est
1289 773 1450 820 primum
1472 773 1509 806 in
1532 784 1666 819 genere

78 826 288 869 moralium,
309 826 373 861 sed
395 827 618 873 praecedunt
639 827 756 873 ipsam
781 839 896 870 amor,
924 836 959 862 et
985 827 1228 870 desiderium;
1255 839 1331 862 non
1353 838 1442 874 ergo
1466 835 1520 862 est
1540 826 1667 874 regula

77 881 260 923 bonitatis,
284 889 318 915 et
340 880 502 915 malitiae
521 881 557 914 in
580 881 791 915 moralibus.

151 945 182 969 2.
205 935 445 970 PRAETEREA.
472 935 697 978 Mensuram,
725 944 760 970 et
786 935 951 982 regulam
980 944 1126 983 oportet
1153 947 1231 971 esse
1259 935 1494 979 uniformem,
1522 944 1557 970 et
1583 936 1667 970 ideo

78 996 212 1031 motus,
234 989 296 1035 qui
318 997 371 1024 est
393 989 553 1024 maxime
576 988 782 1032 uniformis,
805 997 858 1024 cst
880 1001 1063 1032 mensura,
1088 998 1123 1025 et
1144 989 1271 1036 regula
1293 990 1462 1025 omnium
1484 998 1667 1032 motuum,

0 1051 117 1078 *veut
135 1043 267 1078 dicitur
287 1043 324 1077 in
351 1054 403 1078 10.
425 1043 632 1090 Metaphys.
656 1044 735 1089 (tex.
749 1043 819 1090 3.):
844 1044 907 1078 sed
930 1043 1127 1079 delectatio
1150 1053 1204 1079 est
1225 1045 1337 1087 varia,
1358 1052 1393 1079 et
1411 1044 1666 1086 multiformis3

78 1109 163 1133 cum
185 1097 367 1144 quaedam
390 1109 516 1132 earum
536 1097 609 1132 sint
626 1097 757 1141 bonae,
773 1106 807 1132 et
826 1098 1007 1145 quaedam
1028 1099 1169 1141 malae3
1193 1110 1281 1145 ergo
1301 1098 1497 1134 delectatio
1517 1111 1592 1134 non
1615 1107 1669 1134 est

79 1162 263 1194 mensura,
286 1158 320 1186 et
341 1151 469 1198 regula
491 1151 702 1187 moralium.

153 1217 182 1252 3.
205 1205 446 1241 PRAETEREA.
471 1205 616 1240 Certius
638 1207 814 1252 judicium
837 1205 992 1240 sumitur
1014 1207 1058 1241 de
1083 1206 1215 1241 effectu
1238 1218 1300 1253 per
1323 1219 1485 1250 causam,
1513 1219 1624 1254 quam
1648 1219 1667 1242 e

78 1270 276 1294 converso:
295 1259 359 1295 sed
377 1260 533 1302 bonitas,
554 1259 614 1294 vel
633 1260 771 1294 malitia
792 1260 1015 1306 operationis
1032 1269 1086 1295 est
1105 1272 1215 1295 causa
1234 1261 1417 1303 bonitatis,
1432 1262 1492 1296 vel
1505 1261 1668 1296 malitiae

78 1313 347 1358 delectationis;
371 1314 456 1360 quia
474 1315 577 1349 bonae
596 1313 821 1349 delectationes
841 1319 930 1357 siant,
949 1326 1032 1360 qnae
1050 1321 1294 1361 consequuntur
1317 1317 1418 1351 bonas
1443 1317 1667 1362 opsercztiones,·

78 1368 186 1403 malae
207 1373 330 1411 autem,
358 1379 442 1415 qnae
462 1368 580 1410 malas,
608 1376 647 1402 ut
669 1368 800 1402 dicitur
822 1369 858 1402 in
885 1379 934 1403 10.
960 1368 1077 1403 Ethic.
1101 1371 1189 1416 (cap.
1214 1382 1242 1416 5.
1260 1375 1334 1416 post
1350 1370 1475 1416 med.);
1500 1382 1588 1416 ergo
1612 1370 1670 1405 de-

77 1421 294 1457 lectationes
316 1433 392 1457 non
413 1430 498 1457 sunt
518 1421 656 1469 regula,
680 1430 715 1457 et
737 1434 910 1457 mensura
931 1422 1116 1466 bonitatis,
1140 1432 1175 1458 et
1196 1424 1358 1459 malitiae
1382 1426 1417 1459 in
1440 1425 1652 1459 moralibus.

151 1476 227 1512 SED
250 1487 408 1512 CONTRA
430 1484 494 1519 est,
517 1476 616 1523 quod
638 1476 794 1523 August.
815 1476 902 1510 dicit
923 1488 1032 1524 super
1053 1477 1141 1512 illud
1164 1478 1222 1512 Ps.
1247 1489 1298 1524 7.:
1322 1479 1482 1514 Scrntnns
1504 1479 1617 1521 corda,
1642 1485 1670 1514 et

79 1543 169 1566 renes
196 1532 310 1567 Deus:
332 1532 428 1566 Finis
457 1543 568 1573 curae,
595 1532 624 1566 εἰ
649 1532 847 1577 cognitionis
871 1530 931 1576 [al.
960 1532 1183 1578 cogitationis]
1213 1538 1258 1568 est
1287 1533 1469 1576 delectatio,
1497 1533 1540 1568 ad
1568 1546 1670 1580 quam

79 1586 151 1631 quis
171 1586 294 1621 nititur
307 1586 498 1632 pervenire.
521 1584 566 1620 Et
583 1584 800 1632 Philosoph.
823 1585 911 1619 dicit
928 1585 964 1619 in
981 1596 1011 1631 7.
1028 1586 1109 1620 Eth.
1131 1586 1221 1634 (cap.
1237 1600 1283 1622 ιι.
1298 1589 1334 1622 in
1348 1588 1482 1635 princ.)
1505 1588 1602 1634 quod
1621 1588 1671 1623 de-

79 1639 207 1675 lectatio
234 1644 278 1675 est
290 1640 373 1686 finis
394 1639 589 1675 architectus
605 1638 666 1685 [al.
681 1639 950 1681 architectorum,
967 1648 1003 1674 et
1017 1639 1061 1674 al.
1077 1641 1311 1687 architecton],
1334 1642 1427 1676 idest
1448 1642 1670 1688 principalis,

79 1693 122 1728 ad
135 1705 230 1740 quem
245 1693 307 1740 [al.
323 1693 367 1728 ad
379 1693 497 1740 quam]
513 1694 731 1740 respicientes,
751 1693 1020 1740 zcnnn'zqnodque,
1035 1695 1094 1730 hoc
1113 1694 1244 1741 quidem
1257 1695 1399 1739 malum,
1415 1696 1475 1731 hoc
1490 1702 1598 1732 antem
1618 1698 1670 1732 120-

77 1760 159 1783 num
175 1748 370 1795 simpliciter
388 1747 538 1783 dicimus.

151 1801 384 1838 RESPONDEO
416 1801 624 1844 dicendum,
652 1802 750 1848 quod
772 1802 928 1845 bonitas,
950 1802 1009 1837 vel
1028 1803 1169 1838 malitia
1191 1803 1342 1839 moralis
1364 1804 1612 1851 principaliter
1632 1805 1669 1839 in

77 1856 266 1892 voluntate
288 1857 465 1899 consistit,
488 1864 527 1891 ut
547 1868 655 1904 supra
674 1856 813 1891 dictum
837 1865 890 1892 est
905 1856 951 1903 (q.
971 1869 1026 1893 2o.
1043 1863 1107 1893 art.
1123 1859 1167 1904 1.)
1180 1871 1190 1893 .·
1206 1867 1328 1893 utrum
1353 1867 1476 1893 autem
1497 1859 1669 1894 voluntas

79 1911 124 1947 sit
145 1912 253 1955 bona,
275 1910 334 1946 vel
356 1911 465 1954 mala,
487 1911 682 1958 praecipue
702 1922 744 1945 ex
763 1910 834 1946 fine
857 1913 1105 1957 cognoscitur,
1128 1912 1163 1946 id
1183 1921 1306 1947 autern
1325 1913 1479 1947 habetur
1497 1925 1562 1959 pro
1585 1913 1669 1955 fine,

79 1967 115 2001 in
136 1977 209 2013 quo
230 1965 402 2000 voluntas
425 1965 596 2012 quiescit:
625 1965 726 2012 quies
755 1973 877 1999 autem
904 1964 1114 2008 voluntatis,
1142 1974 1177 2001 et
1205 1966 1399 2012 cujuslibet
1426 1968 1605 2014 appetitus
1632 1968 1669 2002 in

78 2021 179 2056 bono
206 2029 260 2055 est
286 2019 501 2055 delectatio:
525 2027 560 2054 et
592 2019 676 2054 ideo
700 2019 877 2054 secundum
905 2019 1148 2055 delectationem
1177 2021 1359 2056 voluntatis
1386 2022 1551 2056 lmnmmze
1573 2029 1673 2069 prae-

80 2076 172 2122 cipue
188 2074 366 2122 judicatur
386 2074 483 2108 homo
499 2074 614 2116 bonus,
629 2073 683 2108 vel
700 2073 826 2108 malus:
843 2081 896 2108 est
918 2074 1015 2108 enim
1038 2074 1167 2117 bonus,
1183 2083 1217 2109 et
1235 2075 1430 2118 virtuosus,
1453 2077 1513 2123 qui
1537 2076 1671 2123 gaudet

80 2128 117 2164 in
137 2128 307 2176 operibus
328 2128 521 2163 virtutum:
544 2127 664 2162 malus
687 2136 822 2169 autem,
844 2128 906 2174 qui
926 2128 963 2161 in
986 2129 1155 2174 operibus
1177 2129 1294 2164 malis.
1317 2129 1592 2165 Delectationes
1613 2143 1671 2165 au-

80 2191 154 2219 tern
173 2184 352 2230 appetitus
374 2182 538 2217 sensitivi
560 2193 635 2217 non
658 2191 741 2216 sunt
763 2182 910 2227 regulae
931 2182 1117 2225 bonitatis,
1136 2183 1195 2218 vel
1213 2183 1375 2218 malitiae
1394 2184 1562 2220 moralis:
1581 2197 1670 2219 nam

81 2237 181 2273 cibus
203 2238 450 2273 communiter
471 2236 696 2271 delectabilis
724 2244 778 2270 est
803 2237 1007 2271 secundum
1030 2238 1231 2284 appetitum
1253 2239 1470 2273 sensitivum
1491 2240 1610 2282 bonis,
1634 2248 1669 2274 et

81 2291 205 2328 malis:
225 2291 288 2327 sed
310 2290 481 2333 voluntas
503 2291 687 2325 bonorum
710 2290 912 2325 delectatur
932 2291 968 2325 in
992 2293 1043 2326 eis
1065 2292 1268 2326 secundum
1291 2293 1590 2328 convenientiam
1613 2306 1669 2328 ra-

80 2346 201 2389 tionis,
222 2357 334 2393 quam
355 2357 431 2380 non
453 2353 556 2380 curat
576 2344 747 2379 voluntas
774 2344 969 2380 malorum.

151 2401 213 2436 AD
226 2411 379 2436 PR1MUM
392 2411 481 2447 ergo
501 2399 709 2440 dicendum,
725 2399 823 2445 quod
839 2411 955 2442 amor,
976 2408 1011 2435 et
1028 2400 1250 2435 desiderium
1269 2410 1353 2436 sunt
1372 2402 1494 2449 priora
1517 2402 1672 2438 delecta-

81 2455 181 2491 tione
202 2455 239 2490 in
261 2455 321 2490 via
343 2454 608 2501 generationis:
632 2453 694 2488 sed
717 2452 913 2488 delectatio
942 2462 995 2489 est
1022 2455 1121 2500 prior
1147 2456 1351 2490 secundum
1373 2457 1555 2491 rationem
1577 2457 1670 2500 finis,

79 2510 142 2557 qui
154 2509 191 2544 in
206 2508 450 2557 operabilibus
472 2508 582 2543 habet
604 2507 785 2542 rationem
808 2508 994 2555 principii:
1012 2520 1031 2543 a
1046 2521 1119 2556 quo
1135 2510 1297 2544 maxime
1312 2511 1466 2546 sumitur
1479 2512 1670 2558 judicium,

82 2564 175 2600 sicut
196 2575 216 2599 a
237 2563 376 2610 regula,
398 2563 457 2598 vel
480 2573 662 2597 mensura.

152 2619 212 2654 AD
239 2628 449 2654 SECUNDUM
480 2616 690 2658 dicendum,
721 2616 819 2663 quod
851 2617 972 2652 omnis
995 2617 1192 2652 delectatio
1219 2618 1256 2653 in
1283 2619 1355 2653 hoc
1385 2628 1438 2654 est
1465 2619 1670 2663 uniformis,

82 2672 180 2720 quod
202 2680 256 2708 est
273 2672 376 2719 quies
395 2672 430 2706 in
450 2670 573 2717 aliquo
595 2670 714 2705 bono:
735 2678 770 2705 et
788 2671 990 2706 secundum
1009 2671 1080 2706 hoc
1100 2681 1221 2718 potest
1243 2684 1321 2707 esse
1340 2673 1478 2720 regula,
1497 2674 1556 2709 vel
1574 2687 1673 2710 men-

83 2737 183 2762 sura:
205 2738 292 2762 nam
310 2725 371 2761 ille
391 2726 508 2760 bonus
523 2733 589 2767 est,
609 2725 711 2770 cujus
730 2724 901 2760 voluntas
920 2725 1075 2772 quiescit
1095 2726 1132 2760 in
1151 2739 1238 2761 vero
1257 2727 1373 2762 bono:
1395 2727 1513 2763 malus
1536 2737 1671 2772 autem,

84 2782 186 2828 cujus
206 2780 377 2817 voluntas
400 2779 554 2827 quiescit
575 2779 610 2813 in
631 2778 742 2813 malo.

155 2835 215 2870 AD
242 2845 416 2871 TERTmM
449 2833 658 2875 dicendum,
681 2833 778 2879 quod
806 2845 891 2868 cum
918 2833 1112 2869 delectatio
1140 2835 1303 2882 perficiat
1324 2837 1578 2882 operationem
1610 2850 1673 2885 per

85 2889 237 2925 modum
262 2888 355 2932 finis,
381 2897 420 2923 ut
445 2899 551 2934 supra
579 2887 716 2922 dictum
745 2895 798 2922 cst
825 2887 871 2934 (q.
895 2900 939 2935 33.
968 2894 1033 2923 art.
1055 2891 1120 2935 4.),
1148 2901 1222 2924 non
1251 2898 1371 2938 potest
1398 2902 1476 2926 esse
1504 2893 1670 2939 operatio

245 2971 273 2999 S.
294 2971 418 2999 Tuomst:
440 2971 545 2998 Summa
572 2970 735 3005 Theologica.
758 2970 822 2999 Vol.
845 2971 881 2999 11.
1496 2978 1526 3002 18
