1907 3198
488 222 712 260 Quansrm
745 222 866 253 cxm.
901 221 1146 254 Ακτιευιυε
1178 221 1223 252 11.
1557 211 1636 266 863

148 313 181 340 2.
194 303 432 340 PRAETEREA.
454 304 637 340 Remissio
658 304 786 352 culpae
808 304 972 339 consistit
993 304 1029 338 in
1050 303 1277 351 reputat10ne
1296 303 1429 345 divina,
1443 303 1642 339 secundum

76 356 166 394 illud
185 357 281 394 Psal.
310 368 383 405 31.:
412 358 528 394 Beatus
553 360 620 401 vir,
647 360 702 394 cui
727 370 794 393 non
820 359 1003 406 imputavit
1027 358 1195 392 Dominus
1216 362 1403 404 peccatum.-
1425 358 1487 391 sed
1510 356 1642 391 infusio

76 410 214 460 gratiae
234 411 337 460 ponit
350 411 461 447 etiam
483 412 616 459 aliquid
632 412 667 447 in
686 411 791 447 nobis
813 419 852 446 ut
874 422 980 458 supra
1001 410 1166 445 habitum
1181 418 1234 445 est
1249 410 1295 456 (q.
1310 422 1379 446 110.
1398 415 1462 445 art.
1482 411 1539 454 1.),·
1556 421 1643 456 ergo

75 464 210 502 infusio
230 465 368 513 gratiae
388 476 464 500 non
485 465 678 513 requiritur
698 466 743 500 ad
765 465 1020 500 remissionem
1042 464 1182 511 culpae.

151 530 181 568 3.
202 517 440 555 ΡιΛετΕκΕΑ.
468 518 599 554 Nullus
625 518 812 565 subjicitur
836 517 945 552 simul
972 518 1110 552 duobus
1140 518 1347 552 contrariis:
1375 517 1436 552 sed
1464 517 1643 563 quaedam

75 580 226 621 peccata
246 580 330 608 sunt
351 573 543 615 contraria,
566 574 657 607 sicut
678 571 924 619 prodigalitas,
947 579 981 606 et
1003 571 1241 613 illiberalitas;
1264 582 1352 616 ergo
1373 571 1434 617 qui
1462 571 1646 615 subjicitur

75 633 230 675 peccato
249 625 526 674 prodigalitatis,
547 636 622 660 non
644 625 752 660 simul
774 625 960 671 subjicitur
981 633 1132 672 peccato
1154 624 1428 659 illiberalitatis:
1452 632 1574 671 potest
1595 632 1642 658 ta-

77 690 163 715 men
184 678 410 726 contingere,
432 679 529 727 quod
551 679 649 727 prius
671 679 703 714 ci
724 678 1003 725 subjiciebatur;
1025 689 1114 725 ergo
1136 678 1323 724 peccando
1345 678 1433 712 vitio
1455 676 1646 723 prodigali-

75 732 161 770 tatis
175 731 348 769 liberatur
366 744 386 767 a
404 741 556 781 peccato
571 732 840 768 illiberalitatis:
862 741 897 767 et
915 732 965 767 sic
983 732 1177 767 remittitur
1195 731 1340 779 aliquod
1360 740 1550 779 peccatum
1569 731 1644 765 sine

76 785 206 835 gratia.

147 839 225 876 SED
245 849 403 876 coum
423 847 489 882 est,
509 839 607 887 quod
629 839 760 874 dicitur
780 839 889 874 Rom.
914 851 963 886 3.:
981 840 1160 884 justificati
1175 840 1279 885 gratis
1292 846 1355 886 per
1369 840 1514 885 gratiam
1533 839 1644 886 ipsius.

145 892 378 930 Rmonnsso
394 892 602 935 dicendum,
612 893 710 940 quod
720 893 837 928 homo
850 892 1038 940 peccando
1052 893 1174 928 Deum
1193 893 1361 935 ostendit,
1371 892 1464 927 sicut
1477 903 1521 927 ex
1534 902 1641 938 supra

76 945 182 983 dictis
200 953 301 994 patet
320 946 369 995 (q.
389 956 440 994 71.
453 951 518 982 art.
540 947 614 992 6.):
635 945 775 982 offensa
795 955 917 982 autem
938 958 1014 982 non
1034 946 1228 982 remittitur
1249 946 1368 988 alicui,
1389 946 1459 981 nisi
1485 956 1548 992 per
1572 945 1644 979 hoc

76 999 176 1049 quod
196 1000 341 1036 animus
369 999 500 1036 offensi
527 1008 678 1048 pacatur
708 999 926 1043 offendenti;
957 1008 992 1035 et
1020 1000 1104 1035 ideo
1133 1000 1332 1035 secundum
1355 1000 1427 1034 hoc
1455 1007 1644 1046 peccatum

75 1053 184 1090 nobis
201 1053 339 1090 remitti
358 1053 500 1097 dicitur,
521 1054 620 1101 quod
642 1053 742 1089 Deus
763 1054 869 1089 nobis
891 1061 1052 1100 pacatur,
1073 1065 1166 1101 quae
1184 1053 1331 1100 quidern
1346 1064 1414 1100 pax
1429 1052 1594 1088 consistit
1611 1053 1646 1087 in

76 1106 284 1152 dilectione,
305 1117 377 1155 qua
396 1107 498 1143 Deus
520 1107 638 1154 diligit
657 1118 748 1142 nos:
776 1107 924 1142 dilectio
955 1114 1075 1142 autem
1099 1107 1179 1150 Dei,
1201 1115 1377 1154 quantum
1404 1115 1458 1141 est
1483 1117 1525 1141 ex
1547 1113 1647 1153 parte

77 1168 179 1197 actus
203 1160 328 1205 divini,
353 1168 409 1197 est
436 1169 595 1204 aeterna,
623 1169 658 1196 et
685 1160 942 1204 immutabilis3
968 1161 1030 1196 sed
1056 1169 1231 1208 quantum
1258 1160 1302 1195 ad
1329 1159 1512 1201 effectum,
1537 1170 1645 1207 quern

74 1213 183 1251 nobis
201 1213 391 1262 imprimit,
411 1214 631 1262 quandoque
652 1214 942 1262 interrumpitur3
964 1222 1071 1262 prout
1092 1214 1232 1249 scilicet
1258 1215 1301 1248 ab
1323 1214 1403 1261 ipso
1429 1213 1647 1260 quandoque

75 1267 279 1312 deficimus,
293 1276 330 1305 et
349 1269 570 1317 quandoque
588 1269 719 1304 iterum
733 1280 1001 1315 recuperamus.
1016 1267 1175 1303 Effectus
1190 1276 1310 1303 autem
1330 1268 1473 1302 divinae
1488 1266 1649 1301 dilectio-

76 1322 134 1358 nis
152 1322 191 1358 in
210 1322 329 1366 nobis,
349 1322 413 1371 qui
432 1333 498 1370 per
517 1330 709 1370 peccatum
731 1322 882 1364 tollitur,
903 1330 957 1357 est
978 1322 1105 1368 gratia,
1127 1322 1210 1369 quia
1232 1321 1349 1356 homo
1372 1320 1410 1356 fit
1427 1321 1557 1366 dignus
1574 1320 1647 1354 vita

77 1383 236 1420 aeterua,
257 1387 278 1411 a
303 1387 376 1424 qua
395 1384 589 1424 peccatum
612 1375 767 1411 mortale
794 1375 972 1418 excludit;
999 1383 1033 1410 et
1059 1375 1143 1411 ideo
1168 1386 1243 1410 non
1270 1383 1392 1422 posset
1418 1373 1571 1420 intelligi
1598 1384 1647 1408 re-

78 1429 206 1466 missio
227 1429 368 1478 culpae,
386 1429 416 1465 si
436 1440 510 1464 non
533 1430 675 1465 adesset
696 1429 827 1464 infusio
849 1429 997 1475 gratiae.

150 1483 212 1520 AD
235 1493 386 1520 rmum(
408 1494 496 1530 ergo
518 1482 727 1525 dicendum,
749 1483 846 1530 quod
868 1483 947 1530 plus
970 1482 1159 1529 requiritur
1182 1482 1224 1516 ad
1244 1482 1314 1516 hoc
1334 1481 1431 1528 quod
1450 1481 1646 1516 offendenti

77 1537 283 1573 remittatur
302 1535 454 1579 offensa,
475 1547 584 1584 quam
608 1536 651 1571 ad
673 1536 745 1571 hoc
768 1537 864 1582 quod
886 1536 1099 1583 simpliciter
1119 1535 1247 1582 aliquis
1269 1547 1341 1570 non
1364 1534 1552 1569 offendens
1573 1546 1646 1568 non

80 1590 259 1627 habeatur
278 1590 383 1626 odio:
406 1598 526 1638 potest
546 1591 643 1625 enim
665 1590 759 1636 apud
781 1590 950 1625 homines
972 1590 1196 1636 contingere,
1219 1589 1315 1636 quod
1343 1600 1434 1623 unus
1455 1589 1570 1623 homo
1589 1587 1649 1622 ali-

80 1655 191 1692 quem
212 1643 326 1680 alium
345 1655 413 1680 nec
435 1643 574 1691 diligat,
600 1655 668 1679 nec
696 1644 818 1685 odiat;
845 1644 920 1686 sed,
947 1644 974 1678 si
1001 1655 1085 1678 eum
1112 1642 1284 1684 offendat,
1310 1642 1407 1689 quod
1434 1642 1466 1676 ei
1493 1642 1649 1676 dimittat

80 1697 272 1741 offensam,
293 1697 365 1733 hoc
388 1709 462 1733 non
489 1706 609 1744 potest
630 1697 841 1743 contingere
868 1698 1002 1743 absque
1024 1697 1173 1744 speciali
1198 1696 1468 1731 benevolentia:
1496 1696 1649 1730 benevo-

79 1750 191 1787 lentia
211 1759 334 1787 autem
354 1750 426 1786 Dei
448 1751 493 1786 ad
514 1750 705 1785 hominem
727 1751 887 1797 reparari
916 1751 1046 1785 dicitur
1067 1762 1130 1797 per
1151 1750 1288 1785 donum
1311 1750 1466 1794 gratiae;
1493 1758 1527 1784 et
1554 1749 1648 1790 iden,

79 1804 164 1841 licet
184 1804 314 1847 homo,
335 1812 532 1852 antequam
554 1812 692 1851 peccet,
714 1804 871 1851 potuerit
892 1815 969 1839 esse
991 1804 1067 1838 sine
1090 1804 1216 1849 gratia,
1234 1811 1268 1838 et
1287 1803 1363 1838 sine
1382 1802 1508 1849 culpa;
1525 1810 1647 1837 tamen

79 1865 164 1907 post
181 1866 375 1907 peccatum
394 1868 470 1893 non
493 1865 612 1905 potest
636 1868 715 1892 esse
735 1857 813 1892 sine
836 1857 953 1904 culpa,
974 1858 1042 1891 nisi
1064 1858 1219 1902 gratiam
1245 1857 1388 1891 habeat.

151 1911 214 1948 An
232 1919 440 1948 SECUNDUM
462 1911 670 1954 dicendum,
692 1911 790 1958 quod
812 1911 905 1946 sicut
925 1911 1072 1946 dilectio
1095 1911 1163 1946 Dei
1183 1922 1256 1946 non
1278 1910 1398 1945 solum
1425 1910 1589 1945 consistit
1613 1910 1647 1945 in

81 1972 166 2002 actu
185 1964 384 2002 voluntatis
408 1964 564 2007 divinae,
590 1965 654 2000 sed
680 1965 790 2000 etiam
817 1965 990 2012 importat
1014 1965 1212 2012 quemdam
1239 1964 1375 2011 gratiae
1402 1963 1585 2006 effectum,
1612 1972 1650 1998 ut

79 2028 190 2067 supra
209 2018 348 2055 dictum
369 2025 423 2054 est
444 2019 491 2065 (q.
514 2030 584 2054 110.
610 2023 675 2053 art.
698 2018 768 2063 1.),·
798 2018 847 2053 ita
869 2018 978 2053 etiam
1001 2027 1036 2053 et
1057 2017 1127 2053 hoc
1150 2018 1246 2065 quod
1269 2026 1322 2053 est
1343 2018 1463 2052 Deum
1485 2029 1558 2052 non
1587 2017 1650 2051 im-

79 2078 208 2121 putare
227 2079 421 2121 peccatum
442 2072 597 2114 homini,
618 2071 791 2118 importat
809 2073 1006 2119 quemdam
1025 2071 1195 2107 effectum
1218 2072 1253 2106 in
1268 2072 1359 2119 ipsO‚
1378 2072 1435 2106 cui
1458 2079 1648 2118 peccatum

80 2135 158 2163 non
175 2125 385 2174 imputatur,
406 2125 505 2173 quod
525 2125 624 2160 enim
647 2124 755 2160 alicui
776 2136 850 2160 non
872 2125 1069 2173 imputetur
1090 2134 1279 2173 peccatum
1303 2137 1322 2160 a
1345 2125 1438 2167 Deo,
1461 2137 1503 2160 ex
1529 2125 1647 2159 divina

82 2178 279 2216 dilectione
295 2179 471 2227 procedit.

153 2232 219 2270 AD
235 2242 410 2269 mrum
430 2233 637 2275 dicendum,
652 2233 761 2279 quod,
778 2233 870 2268 sicut
884 2233 978 2279 Aug.
993 2233 1080 2267 dicit
1094 2233 1128 2267 in
1142 2233 1201 2267 lib.
1222 2243 1249 2267 1.
1264 2232 1308 2267 de
1321 2232 1463 2278 Nuptiis
1482 2240 1517 2268 et
1530 2232 1648 2267 Conc.

80 2286 170 2335 (cap.
189 2285 280 2334 26),
309 2286 340 2322 si
365 2297 386 2321 a
406 2294 560 2334 peccato
581 2286 752 2321 desistere
779 2285 850 2321 hoc
873 2294 967 2321 esset
987 2297 1061 2321 non
1083 2286 1216 2321 habere
1239 2295 1440 2333 peccatum,
1471 2285 1650 2321 sufficeret

86 2347 128 2376 ut
145 2339 220 2376 hoc
240 2348 408 2376 moneret
428 2339 630 2387 Scriptura:
650 2340 718 2375 Fili
735 2341 891 2387 peccasti,
914 2352 979 2374 non
1000 2339 1139 2386 adjicias
1166 2341 1284 2375 iterum
1301 2353 1312 2374 .·
1334 2340 1404 2374 lioc
1433 2349 1552 2374 autem
1574 2351 1648 2374 non

82 2391 228 2437 suffieit,
246 2392 310 2430 aed
329 2393 482 2435 additur,
500 2398 531 2429 et
555 2393 592 2428 dc
614 2394 762 2440 pristinis
787 2393 970 2440 deprecare,
992 2399 1029 2428 ut
1054 2395 1114 2428 tibi
1131 2395 1372 2428 remittantur.-
1396 2394 1522 2428 transit
1552 2394 1648 2428 enim

86 2454 279 2496 pecatum
305 2455 401 2491 actu,
421 2455 458 2482 et
477 2454 640 2482 remanet
662 2455 775 2488 reatu,
796 2455 834 2481 ut
855 2457 960 2494 supra
980 2447 1117 2482 dictum
1133 2456 1184 2482 est
1203 2448 1251 2493 (q.
1267 2448 1320 2493 87.
1335 2452 1400 2482 art.
1420 2448 1491 2492 6.):
1507 2455 1542 2482 et
1556 2447 1650 2486 ideo,

82 2509 170 2537 cum
189 2498 319 2548 aliquis
340 2510 360 2536 a
381 2507 534 2547 peccato
560 2500 666 2535 unius
686 2499 762 2535 vitii
788 2500 916 2535 transit
942 2500 977 2535 in
1000 2509 1190 2547 peccatum
1218 2500 1388 2534 contrarii
1415 2500 1502 2541 vitii,
1521 2500 1651 2535 desinit

81 2552 232 2602 quidem
250 2553 386 2590 habere
404 2561 525 2589 actum
544 2553 725 2601 praeteriti
743 2553 894 2600 peccati,
909 2554 970 2589 sed
985 2564 1058 2588 non
1078 2553 1208 2588 desinit
1226 2553 1359 2588 habere
1377 2562 1537 2593 reatum;
1556 2554 1650 2588 unde

82 2606 194 2644 timul
211 2606 323 2644 habet
342 2615 483 2644 reatum
506 2607 691 2654 utriusque
715 2606 865 2654 peccati,
890 2618 965 2642 non
988 2607 1085 2642 enim
1107 2615 1256 2654 peccata
1279 2616 1361 2642 sunt
1382 2607 1447 2641 sibi
1470 2607 1650 2643 contraria

82 2671 128 2698 ex
151 2667 253 2710 parte
273 2660 473 2698 aversionis
494 2672 515 2697 a
536 2660 631 2703 Deo,
652 2671 694 2696 ex
716 2671 786 2708 qua
809 2668 910 2709 parte
931 2669 1122 2707 peccatum
1144 2669 1283 2696 reatum
1306 2660 1424 2696 habet.
