1907 3198
535 201 758 241 Quas-rm
790 199 879 231 c1x.
911 195 1157 229 ,inuentus
1189 195 1231 224 x.
1554 177 1635 234 841

152 291 214 328 An
233 298 406 326 mum«
427 285 634 328 dicendum,
654 283 764 332 quod,
785 282 876 318 sicut
897 278 1121 326 Augustinus
1142 275 1229 311 dicit
1254 274 1290 310 in
1322 272 1383 308 lib.
1417 272 1461 307 de
1493 271 1576 306 Nat.
1606 279 1642 306 et

83 345 185 382 Grat.
207 344 296 392 (cap.
318 341 398 390 43),
423 341 538 376 homo
561 340 596 374 in
618 340 735 386 primo
757 345 849 372 statu
871 333 1011 381 accepit
1031 333 1182 372 donum,
1204 340 1267 376 per
1287 327 1383 374 quod
1414 335 1642 373 perseverare

81 406 215 447 posset,
234 407 310 432 non
332 403 454 431 autem
475 393 615 440 accepit
635 401 673 427 ut
694 397 958 438 perseveraret,
984 397 1078 421 nunc
1102 393 1223 420 autem
1245 393 1309 429 per
1330 381 1483 427 gratiam
1506 378 1644 413 Christi

82 451 189 489 multi
207 450 389 498 accipiunt
409 458 443 484 et
463 448 600 483 donum
629 445 776 492 gratiae,
809 454 882 490 quo
915 450 1144 489 perseverare
1178 443 1340 484 possunt,
1362 443 1397 469 et
1418 433 1565 468 ulterius
1594 432 1645 466 cis

82 506 188 543 datus
205 504 304 554 quod
318 509 564 552 perseverent:
579 508 615 536 et
628 499 677 535 sic
693 499 830 534 donum
846 495 983 531 Christi
997 502 1051 529 est
1064 493 1192 538 majus,
1207 501 1317 537 quarn
1332 487 1505 523 delictum
1524 486 1646 520 Adae:

83 567 121 597 et
136 567 262 596 tamen
281 556 421 593 facilius
441 556 557 591 homo
578 565 642 601 per
662 551 797 598 gratiae
820 550 958 584 donum
977 556 1205 595 perseverare
1223 550 1364 592 poterat
1381 541 1418 575 in
1436 549 1529 575 statu
1548 539 1648 574 inno-

85 611 238 654 tentiae,
257 610 295 646 in
315 620 389 658 quo
417 607 518 644 nulla
538 614 614 642 erat
634 604 783 640 rebellio
805 602 922 638 carnis
945 601 988 636 ad
1009 599 1186 647 spiritum,
1207 607 1316 644 quam
1337 605 1433 630 nunc
1455 594 1649 641 possimus,

84 664 232 714 quando
247 662 428 712 reparatio
445 661 581 709 gratiae
607 658 756 700 Christi,
769 657 836 692 etsi
851 657 895 691 sit
908 655 1080 690 inchoata
1106 659 1281 700 quantum
1302 649 1346 684 ad
1368 656 1541 689 mentem,
1562 657 1650 680 non-

84 719 173 755 dum
188 726 314 755 tamen
338 723 393 752 est
417 721 672 751 consummata
700 719 876 759 quantum
906 709 950 744 ad
980 718 1146 743 carnem:
1178 704 1275 752 quod
1297 703 1364 738 crit
1383 702 1419 737 in
1441 700 1566 748 patria,
1587 699 1649 734 ubi

84 773 203 809 homo
220 781 298 808 non
317 769 440 807 solum
459 777 690 817 perseverare
715 764 858 813 poterit,
888 762 950 799 sed
984 762 1094 797 etiam
1127 770 1278 808 peccare
1303 768 1379 793 non
1400 754 1542 804 poterit.

609 1025 967 1092 QUAESTIO
1008 1023 1119 1073 cx.

261 1157 327 1191 DE
358 1155 538 1190 GRATIA
569 1153 651 1186 DEI
684 1150 922 1193 QUANTUM
955 1149 1021 1181 AD
1053 1146 1162 1189 EJUS
1194 1141 1480 1182 ESSENTIAM,

470 1226 522 1259 IN
547 1224 778 1267 QUATUOR
802 1220 1066 1254 ARTICULOS
1092 1217 1267 1250 DIVISA.

161 1362 306 1401 Deinde
326 1359 632 1399 considerandum
652 1366 707 1394 est
727 1358 771 1392 de
793 1355 920 1392 Gratia
940 1354 1012 1390 Dei
1031 1360 1208 1401 quantum
1230 1351 1273 1386 ad
1296 1351 1372 1397 ejus
1393 1347 1598 1384 essentiam.

554 1449 598 1484 Et
618 1448 709 1483 circa
729 1446 789 1481 boc
809 1448 1017 1492 quaeruntur
1037 1446 1192 1489 quatuor.

164 1522 303 1560 Primo.
323 1521 458 1558 Utrum
478 1520 594 1568 gratia
614 1526 728 1566 ponat
745 1516 880 1564 aliquid
901 1515 938 1550 in
960 1514 1093 1549 anima.

165 1576 348 1614 Secundo.
369 1575 504 1612 Utrum
523 1573 639 1622 gratia
659 1572 705 1607 sit
725 1570 889 1619 qualitas.

166 1630 307 1667 Tertio.
327 1628 462 1666 Utrum
483 1627 599 1675 gratia
619 1624 760 1662 differat
781 1635 801 1659 a
820 1623 951 1658 virtute
972 1620 1101 1657 infusa.

167 1683 324 1728 Quarto.
343 1683 403 1719 De
421 1681 587 1729 subjecto
613 1679 762 1727 gratiae.

675 1816 1022 1866 ARTICULUS
1053 1816 1087 1860 1.
1598 1819 1666 1868 586

374 1931 531 1964 unum
560 1930 724 1962 GRATIA
755 1928 903 1959 PONAT
935 1925 1122 1962 ALIQUID
1157 1924 1200 1955 IN
1233 1922 1385 1953 ANIMA-

194 2021 247 2069 (2.
266 2021 358 2058 Di'st.
379 2019 437 2057 26.
457 2024 524 2055 art.
545 2031 573 2056 1.
595 2023 624 2054 ct
645 2017 702 2053 lib.
719 2029 749 2064 3.
772 2015 890 2052 Contr.
908 2026 939 2062 g.
959 2020 1031 2061 cap.
1052 2024 1113 2060 155.
1134 2017 1162 2048 ct
1190 2011 1277 2046 l'cri'.
1299 2023 1329 2057 q.
1352 2020 1405 2055 ²7·
1427 2013 1493 2044 art.
1515 2008 1573 2054 1.).

171 2109 234 2146 An
244 2118 397 2146 rancun
410 2108 462 2145 sic
476 2106 696 2156 proceditur.
706 2105 870 2147 Videtur,
881 2103 978 2151 quod
993 2103 1108 2148 gratia
1121 2111 1195 2136 non
1210 2108 1322 2147 ponat
1336 2097 1469 2145 aliquid
1485 2097 1520 2132 in
1536 2095 1669 2131 anima:

103 2163 198 2200 sieut
216 2162 315 2200 enim
334 2162 452 2198 homo
472 2161 602 2197 dicitur
622 2160 755 2195 habere
785 2158 938 2206 gratiam
968 2157 1050 2198 Dei,
1086 2155 1133 2190 ita
1160 2154 1270 2190 etiam
1304 2152 1458 2199 gratiam
1491 2149 1669 2190 hominis;

104 2216 201 2253 unde
219 2202 351 2252 alcimi·
370 2215 504 2252 Genes.
530 2225 582 2262 39.
604 2213 702 2261 quod
726 2213 893 2248 Dominus
918 2210 1005 2246 dedit
1025 2209 1144 2257 Ioseph
1163 2210 1309 2254 gratiam
1332 2209 1365 2241 {n
1387 2210 1554 2252 conspectu
1572 2205 1670 2251 prin-

104 2270 188 2318 cipis
205 2270 369 2306 carceris.-
390 2268 454 2305 sed
473 2279 539 2315 per
557 2267 629 2303 hoc
650 2266 748 2314 quod
770 2266 885 2301 homo
907 2265 1036 2299 dicitur
1057 2262 1190 2298 habere
1212 2261 1365 2308 gratiam
1387 2258 1560 2299 hominis,
1580 2255 1671 2291 nihil

105 2323 253 2373 ponitur
270 2322 308 2359 in
328 2333 387 2366 eo,
406 2322 468 2370 qui
489 2321 644 2369 gratiam
662 2319 806 2355 alterius
828 2318 949 2361 habet,
971 2316 1033 2353 sed
1050 2317 1086 2352 in
1106 2327 1163 2358 eo,
1183 2316 1285 2361 cujus
1303 2313 1455 2360 gratiam
1474 2311 1594 2353 habet,
1612 2321 1674 2358 po-

105 2378 204 2414 nimi·
222 2377 424 2425 acceptatio
445 2374 648 2423 quaedam;
670 2384 758 2420 ergo
780 2384 843 2420 per
864 2372 934 2407 hoc
956 2370 1053 2418 quod
1075 2370 1191 2405 homo
1213 2368 1346 2403 habere
1365 2367 1518 2414 gratiam
1538 2364 1608 2400 Dei
1625 2364 1673 2398 di-

107 2430 212 2475 citur,
231 2429 324 2467 nihil
344 2431 490 2478 ponitur
509 2428 545 2464 in
567 2428 701 2469 anima,
723 2427 784 2462 sed
806 2425 926 2461 solum
949 2423 1171 2471 significatur
1193 2421 1394 2468 acceptatio
1416 2420 1547 2454 divina.

179 2493 214 2521 2.
232 2483 470 2521 ΡιΑετεκεΑ.
493 2482 595 2517 Sicut
616 2481 737 2516 anima
759 2479 918 2514 vivificat
939 2489 1082 2525 corpus,
1109 2477 1156 2512 ita
1183 2476 1282 2511 Deus
1309 2473 1467 2509 viviticat
1493 2472 1674 2513 animam3

109 2538 206 2575 unde
225 2537 357 2574 dicitur
375 2536 485 2572 Dent.
509 2546 580 2582 3o.:
604 2535 673 2582 Ipse
698 2539 741 2569 est
765 2534 836 2569 vita
864 2538 942 2568 tua:
969 2531 1030 2566 sed
1059 2530 1180 2566 anima
1208 2528 1365 2563 vivificat
1392 2537 1523 2573 corpus
1550 2525 1676 2559 imme-

36 2630 44 2635 ,
109 2591 227 2636 dinte3
245 2600 336 2639 ergo
353 2590 465 2627 etiam
477 2587 568 2625 nihil
583 2588 677 2623 cadit
692 2587 854 2623 medium
869 2586 961 2622 inter
974 2585 1107 2627 Deum,
1126 2593 1160 2619 et
1176 2583 1354 2623 animam3
1369 2592 1442 2615 non
1457 2590 1545 2626 crgo
1560 2578 1674 2625 gratia

110 2645 215 2695 ponit
234 2643 370 2694 aliquid
392 2651 554 2680 creatum
573 2643 608 2677 in
632 2642 764 2677 anima.

186 2710 217 2748 3.
237 2698 474 2736 ΡιΑΒτειεΛ.
497 2697 554 2732 Ad
576 2695 684 2731 Rom.
712 2706 739 2730 ι.
761 2705 868 2742 super
888 2692 993 2728 illud:
1018 2692 1140 2728 Gratia
1158 2691 1264 2732 vol-is,
1286 2695 1316 2724 ct
1338 2695 1420 2736 pax,
1439 2686 1524 2722 dicit
1553 2685 1673 2720 Closs.

39 2793 46 2799 ,
111 2752 277 2801 (κύαθε
300 2751 438 2795 Gratia,
460 2750 540 2786 idest
560 2750 706 2786 remissio
719 2753 950 2796 peccatorum:
972 2746 1033 2781 scd
1054 2744 1218 2781 remissio
1234 2751 1466 2791 pcccatorum
1483 2751 1554 2774 non
1575 2739 1675 2786 ponit

112 2808 152 2844 iu
171 2806 295 2845 anima
315 2803 462 2854 aliquid,
478 2803 542 2840 sed
559 2803 680 2839 solum
700 2802 735 2837 in
750 2802 832 2836 Deo
846 2811 920 2835 non
934 2800 1134 2847 imputante
1151 2806 1353 2846 peccatum,
1371 2794 1571 2830 secundum
1587 2792 1673 2827 illud

113 2847 307 2908 Psafi'ssa
327 2859 448 2896 Bam
473 2859 541 2899 vir.
571 2858 626 2893 cui
652 2868 716 2891 non
744 2855 926 2904 imputavit
950 2851 1118 2890 Dominus
1139 2856 1332 2900 peccatum:
1360 2860 1447 2895 crgo
1474 2858 1539 2882 nec
1562 2845 1676 2893 gratia

0 2768 3 2805 Β

0 2813 5 2839 ι

0 2839 19 3198 ἱ
115 2912 219 2962 ponit
234 2911 370 2961 mquid
390 2912 428 2948 in
449 2911 582 2947 anima.
