1907 3198
0 0 48 174 ‚icen

11 170 24 196 μ

26 183 42 209 Aa

501 183 725 220 Quffls'rxo
759 183 878 214 xcw.
912 183 1161 214 ARTICULUS
1194 183 1257 213 111.
1598 171 1679 226 685

660 343 1012 388 ARTICULUS
1047 343 1126 387 III.
1620 366 1686 400 510

167 452 324 484 UTRUM
355 452 441 483 LEX
473 451 662 482 HUMANA
694 452 952 482 PRAECIPIA'I'
987 452 1132 482 ACTUS
1165 451 1346 482 OMNIUM
1377 451 1624 482 VIRTUTUM.

347 547 465 596 (Supr.
487 559 518 594 q.
540 559 589 594 93.
612 551 679 582 art.
698 559 727 594 3.
749 545 793 581 ad
815 558 843 594 3.
866 552 897 582 et
918 547 999 592 infr.
1022 559 1051 593 q.
1074 558 1150 582 roo.
1174 551 1241 581 art.
1261 557 1292 581 2.
1315 546 1434 593 corp).

173 642 237 678 An
257 652 432 678 TERTIUM
458 642 510 678 sic
531 641 751 690 proceditur.
778 641 943 684 Videtur,
973 642 1071 689 quod
1098 641 1155 677 lex
1188 642 1351 676 humana
1378 652 1453 675 non
1487 641 1687 688 praecipiat

102 703 204 733 actus
230 696 400 732 omnium
424 695 619 731 virtutum:
647 695 786 730 actibus
813 695 912 730 enim
939 697 1114 730 virtutum
1144 703 1378 742 opponuntur
1405 703 1506 730 actus
1540 694 1686 737 vitiosi;

100 749 165 786 sed
185 748 244 785 lex
262 749 427 785 humana
453 760 528 784 non
549 749 720 796 prohibet
745 750 871 784 omnia
893 749 991 791 vitia,
1015 757 1053 784 ut
1074 749 1212 783 dictum
1234 757 1288 784 est
1315 748 1397 794 (art.
1419 748 1555 796 praec.)
1564 761 1578 790 ,·
1597 759 1686 795 ergo

101 803 214 840 etiam
233 813 310 839 non
330 803 508 851 praecipit
534 811 635 838 actus
662 803 831 838 omnium
854 803 1040 837 virtutum.

173 865 206 892 2.
227 856 468 893 ΡκΛετειιι-ζᾼ.
489 856 606 892 Actus
627 856 769 891 virtutis
791 868 811 890 a
832 858 964 891 virtute
986 856 1168 904 procedit:
1191 857 1253 891 sed
1271 856 1384 891 virtus
1407 864 1461 891 est
1482 855 1562 891 finis
1583 854 1687 902 legis;

100 909 207 947 etita
227 910 327 958 quod
353 918 408 946 est
428 921 471 946 ex
491 910 636 954 virtute,
658 910 722 945 sub
745 918 941 958 praecepto
963 909 1054 956 legis
1081 910 1210 945 cadere
1236 921 1310 944 non
1338 918 1477 957 potest;
1507 920 1596 956 ergo
1630 909 1687 944 lex

100 963 265 1000 humana
283 975 361 1000 non
382 964 558 1012 praecipit
579 971 680 999 actus
703 964 871 998 omnium
893 965 1080 999 virtutum.

175 1028 207 1065 3.
226 1017 468 1054 PRAETEREA.
499 1017 576 1053 Lex
604 1017 768 1052 humana
802 1017 991 1052 ordinatur
1018 1017 1062 1052 ad
1092 1018 1231 1052 bonum
1255 1029 1466 1060 commune,
1489 1025 1527 1052 ut
1548 1017 1686 1052 dictum

101 1078 157 1108 est
175 1069 228 1118 (q.
248 1083 308 1118 9⁰·
329 1076 395 1107 art.
417 1073 490 1118 2.)‚·
525 1071 589 1106 sed
622 1071 771 1118 quidam
806 1079 908 1106 actus
935 1071 1108 1106 virtutum
1137 1082 1211 1106 non
1246 1071 1461 1106 ordinantur
1483 1071 1526 1105 ad
1549 1071 1687 1106 bonum

101 1135 315 1168 commune,
336 1125 400 1160 sed
422 1125 467 1160 ad
488 1125 628 1160 bonum
650 1125 857 1172 privatum3
879 1135 968 1172 ergo
990 1124 1047 1160 lex
1073 1136 1148 1160 non
1182 1125 1357 1173 praecipit
1391 1133 1492 1160 actus
1519 1125 1687 1160 omnium

101 1179 291 1214 virtutum.

175 1226 252 1262 SED
277 1235 435 1262 coum
462 1234 528 1268 est,
553 1226 652 1273 quod
679 1225 817 1261 Philos.
844 1226 933 1260 dicit
958 1226 995 1260 in
1027 1237 1055 1272 ς.
1083 1226 1200 1261 Ethic.
1228 1227 1319 1274 (cap.
1347 1239 1374 1262 1.
1401 1238 1422 1260 α
1448 1225 1561 1271 med),
1589 1226 1688 1273 quod

101 1280 279 1328 praecipit
298 1279 356 1316 lex
377 1288 414 1316 et
432 1279 537 1315 fortis
555 1290 665 1326 opera
687 1279 821 1322 facere,
843 1289 879 1315 et
900 1291 993 1327 quae
1015 1280 1218 1327 temperati,
1246 1288 1282 1315 et
1307 1291 1401 1326 quae
1427 1280 1625 1323 mansueti;
1647 1281 1690 1315 si-

101 1333 238 1369 militer
256 1341 379 1369 autem
401 1333 604 1369 secundum
627 1333 716 1368 alias
736 1334 898 1376 virtutes,
917 1341 953 1368 et
970 1333 1141 1376 malitias,
1158 1334 1250 1368 haec
1269 1334 1417 1380 quidem
1438 1334 1577 1380 jubens,
1596 1334 1688 1369 haec

103 1394 226 1423 autem
246 1386 456 1435 prohibens.

173 1439 407 1477 stroumzo
432 1440 642 1483 dicendum,
668 1441 766 1488 quod
793 1441 933 1488 species
965 1441 1142 1476 virtutum
1176 1441 1450 1487 distinguuntur
1483 1442 1685 1476 secundum

102 1495 258 1542 objecta,
273 1502 312 1530 ut
326 1505 370 1530 ex
383 1495 600 1542 supradictis
615 1503 712 1542 patet
732 1495 778 1542 (q.
785 1507 837 1542 54.
848 1500 914 1530 art.
930 1507 957 1531 1.
972 1495 1015 1529 ad
1029 1508 1055 1531 r.
1071 1500 1101 1530 et
1111 1500 1176 1530 art.
1186 1507 1205 1531 2
1210 1496 1250 1541 .),·
1266 1496 1393 1530 omnia
1408 1503 1531 1530 autem
1546 1496 1689 1541 objecta

99 1547 276 1584 virmtum
299 1546 425 1583 referri
450 1556 603 1596 possunt
627 1547 687 1583 vel
713 1549 758 1582 ad
783 1549 923 1583 bonum
950 1548 1132 1595 privatum
1161 1548 1313 1594 alicujus
1341 1559 1532 1595 personae,
1558 1548 1617 1582 vel
1644 1548 1688 1582 ad

99 1600 240 1637 bonum
259 1611 459 1637 commune
480 1601 742 1637 multitudinis:
762 1602 856 1637 sicut
873 1613 928 1644 ea,
947 1613 1040 1649 quae
1062 1610 1145 1637 sunt
1166 1601 1399 1645 fortitudinis,
1420 1611 1540 1648 potest
1559 1602 1688 1649 aliquis

99 1654 233 1702 exequi
255 1654 318 1691 vel
334 1663 483 1703 propter
503 1655 825 1691 conservationem
849 1656 1017 1699 civitatis,
1038 1655 1098 1691 vel
1120 1656 1163 1691 ad
1187 1657 1479 1691 conservandum
1502 1658 1557 1702 jus
1580 1657 1688 1691 amici

99 1709 179 1746 nti:
197 1716 233 1744 et
252 1707 373 1744 simile
394 1717 449 1744 est
468 1709 505 1744 in
527 1709 619 1745 aliis.
642 1708 717 1744 Lex
740 1718 875 1752 autem,
895 1718 933 1744 ut
951 1709 1089 1744 dictum
1110 1718 1164 1744 est
1181 1711 1230 1756 (q.
1252 1722 1309 1757 90.
1331 1715 1395 1744 art.
1417 1711 1479 1754 2.),
1502 1710 1690 1745 ordinatur

48 1756 49 1762 ¹
100 1761 147 1798 ad
167 1762 310 1798 bonum
330 1773 544 1805 commune,
565 1770 600 1798 et
621 1762 706 1798 ideo
726 1762 827 1798 nulla
848 1763 961 1798 virtus
983 1771 1048 1806 est,
1071 1763 1115 1798 de
1135 1765 1237 1809 cujus
1254 1764 1392 1798 actibus
1406 1763 1464 1798 lex
1479 1763 1688 1810 praecipere

99 1826 177 1852 non
201 1815 336 1864 possit:
361 1827 438 1851 non
463 1824 588 1852 tamen
613 1816 658 1851 de
685 1817 856 1852 omnibus
883 1817 1023 1852 actibus
1045 1818 1213 1852 omnium
1240 1818 1415 1852 virtutum
1441 1817 1499 1852 lex
1525 1818 1688 1852 humana

100 1869 290 1918 praecipit,
314 1869 378 1906 sed
399 1869 522 1906 solum
543 1870 589 1905 de
610 1869 692 1913 illis,
714 1871 776 1917 qui
797 1870 1018 1906 ordinabiles
1045 1879 1129 1905 sunt
1148 1871 1192 1905 ad
1218 1871 1357 1905 bonum
1380 1881 1602 1905 commune:
1629 1870 1689 1905 vel

99 1922 302 1967 matare,
326 1923 422 1959 sicut
446 1934 531 1959 cum
554 1923 675 1971 aliqua
696 1923 831 1959 directe
854 1932 1003 1971 propter
1027 1924 1166 1959 bonum
1190 1935 1388 1959 commune
1411 1924 1523 1967 fiunt3
1545 1924 1604 1959 vel
1626 1937 1690 1960 me-

100 1976 200 2020 diate,
219 1977 315 2013 sicut
331 1988 417 2012 cum
431 1977 554 2025 aliqua
574 1977 790 2012 ordinantur
807 1989 827 2012 a
845 1977 1056 2025 legislatore
1071 1978 1288 2025 pertinentia
1311 1978 1354 2012 ad
1378 1979 1514 2013 bonam
1534 1978 1688 2025 discipli-

100 2040 201 2075 nam,
229 2041 296 2078 per
325 2041 437 2078 quam
467 2031 566 2067 eivs
596 2030 851 2074 informantur,
877 2039 915 2066 ut
942 2042 1142 2067 commune
1168 2032 1307 2067 bonum
1335 2032 1503 2078 justitiae,
1525 2040 1561 2067 et
1587 2032 1687 2079 pacis

100 2092 332 2120 conservent.

172 2138 237 2174 AD
254 2148 407 2175 Panum
424 2148 515 2185 ergo
536 2138 745 2181 dicendum,
763 2139 862 2186 quod
884 2139 942 2174 lex
963 2139 1127 2174 humana
1144 2151 1219 2174 non
1239 2140 1408 2187 prohibet
1430 2151 1560 2175 omnes
1582 2148 1685 2175 actus

100 2191 256 2228 vitiosos
275 2191 479 2228 secundum
500 2192 768 2240 obligationem
789 2194 984 2240 praecepti,
1011 2194 1106 2229 sicut
1130 2205 1199 2229 nec
1227 2194 1404 2241 praecipit
1431 2205 1561 2229 omnes
1583 2202 1686 2229 actus

99 2245 305 2282 virtuosos:
330 2246 500 2294 prohibet
523 2254 647 2282 tamen
676 2246 818 2294 aliquos
845 2255 948 2282 actus
983 2247 1212 2295 singulorum
1239 2249 1426 2291 vitiorum,
1453 2248 1547 2283 sicut
1573 2248 1684 2283 etiam

83 2299 279 2351 ‚praecipit
296 2300 478 2348 quosdam
500 2308 602 2336 actus
620 2300 847 2348 singularum
868 2301 1055 2336 virtutum.

175 2352 238 2390 An
257 2363 468 2390 strennum(
488 2354 698 2397 dicendum,
712 2354 811 2401 quod
826 2354 955 2402 aliquis
970 2363 1072 2390 actus
1090 2354 1221 2390 dicitur
1235 2365 1314 2390 esse
1333 2355 1474 2390 virtutis
1489 2355 1685 2403 dupliciter.-

100 2416 172 2442 ιω
189 2406 289 2443 modo
312 2417 359 2443 ex
379 2417 437 2451 eo,
458 2407 556 2455 quod
583 2407 701 2442 homo
722 2415 895 2454 operatur
914 2408 1095 2443 virtuosa:
1118 2408 1212 2443 sicut
1238 2417 1340 2443 actus
1361 2408 1502 2443 virtutis
1529 2408 1686 2454 justitiae

101 2467 159 2497 est
175 2459 296 2496 fecere
315 2469 426 2505 recta,
448 2469 485 2497 et
505 2469 608 2496 actus
628 2461 848 2497 fortitudinis
870 2461 990 2497 facere
1005 2461 1132 2505 fortia;
1152 2470 1188 2497 et
1202 2464 1252 2497 sic
1271 2462 1328 2497 lex
1347 2463 1523 2510 praecipit
1545 2462 1687 2509 aliquos

102 2521 207 2550 acm!
225 2513 421 2550 virtutum:
441 2514 509 2550 alio
527 2515 623 2550 modo
641 2515 773 2550 dicitur
793 2517 895 2550 actus
913 2515 1065 2558 virtutis,
1087 2516 1171 2563 quia
1193 2516 1322 2563 aliquis
1341 2525 1512 2563 operatur
1526 2516 1686 2551 virtuosa

102 2576 152 2604 οο
173 2567 290 2604 modo
315 2578 390 2616 quo
415 2568 598 2604 virtuosus
623 2577 815 2616 operatur;
842 2577 877 2604 et
902 2569 984 2604 talis
1012 2578 1114 2605 actus
1141 2581 1285 2617 semper
1311 2571 1476 2617 procedit
1502 2581 1522 2604 a
1543 2571 1686 2612 virtute,

101 2630 174 2658 nec
197 2621 296 2657 eadit
319 2622 386 2658 sub
412 2630 608 2671 praecepto
634 2622 745 2669 legis;
773 2622 835 2658 sed
861 2631 916 2658 est
940 2623 1033 2667 finis,
1060 2623 1104 2658 ad
1132 2635 1241 2671 quem
1269 2623 1458 2670 legislator
1484 2624 1616 2658 ducere
1638 2623 1689 2658 in·

102 2674 230 2711 tendit.

174 2729 239 2765 Au
248 2737 422 2765 πιτῐυκ
434 2728 643 2772 dicendum,
654 2729 752 2777 quod
763 2739 838 2764 non
851 2737 905 2765 est
919 2729 1039 2777 aliqua
1050 2730 1175 2772 virtus,
1186 2731 1288 2776 cuius
1305 2739 1405 2765 actus
1420 2741 1494 2765 non
1509 2730 1580 2765 sint
1590 2730 1687 2765 ordi-

102 2780 244 2871 ἓξὲξ·
263 2782 309 2818 ad
329 2782 470 2819 bonum
495 2792 708 2825 commune,
731 2791 770 2818 ut
795 2782 934 2818 dictum
961 2793 1015 2819 est
1038 2784 1089 2828 (in
1116 2786 1236 2832 corp),
1259 2784 1317 2819 vel
1345 2784 1517 2826 mediate,
1542 2783 1602 2819 vel
1623 2784 1688 2818 im-

192 2835 200 2843 “
227 2842 275 2872 te.
423 2844 427 2849 ”
