1907 3198
537 191 762 229 Quat-:suo
796 191 913 222 [ΧΠ.
947 191 1196 222 ARTICULUS
1229 191 1258 221 1.
1604 193 1658 235 45
1665 193 1686 235 3

178 274 241 310 AD
263 284 437 310 TERTIUM
458 273 667 316 dicendum,
689 273 787 320 quod
809 273 910 309 Deus
932 285 1007 308 non
1027 282 1197 321 operatur
1213 273 1415 308 secundum
1434 275 1692 308 necessitatem

107 335 272 371 naturae,
292 328 356 363 sed
379 327 582 363 secundum
604 327 772 362 ordinem
794 339 880 362 suae
903 328 1119 374 sapientiae;
1142 327 1345 362 secundum
1372 339 1482 374 quam
1510 327 1693 362 diversam

108 392 318 417 mensuram
339 381 481 416 virtutis
502 381 714 416 hominibus
736 381 898 428 largitur,
920 381 1123 416 secundum
1146 381 1235 416 illud
1258 381 1302 416 ad
1319 381 1409 428 Eph.
1428 392 1481 424 4.:
1508 382 1693 428 Unicuiqu:

107 440 259 471 nostrum
279 435 359 471 data
380 440 424 471 est
441 437 557 482 gratia
577 434 755 471 secundum
778 447 966 470 mensuram
984 435 1173 470 donationis
1196 435 1335 471 Christi.

681 566 1031 612 ARTICULUS
1061 567 1118 610 11.
1629 589 1690 626 343

191 706 198 711 ,
240 675 397 706 UTRUM
429 675 576 706 OMNES
608 676 827 707 VIRTUTES
861 676 993 706 SIMUL
1026 676 1072 706 IN
1104 675 1261 705 EODEM
1292 675 1563 706 EXISTENTES

710 742 812 772 SINT
845 742 1092 778 AEQUALES.

120 830 237 879 (Supr.
259 835 324 866 art.
346 843 375 867 ι.
398 830 442 866 ad
461 843 491 867 1.
512 837 544 866 et
564 831 644 878 infr.
665 843 696 878 q.
718 843 766 878 73.
788 837 856 867 art.
878 843 910 867 2.
932 831 976 866 ad
991 843 1021 878 3.
1043 836 1074 866 et
1094 843 1127 867 2.
1149 831 1238 866 Dist.
1260 843 1317 875 42.
1340 843 1370 877 q.
1392 843 1424 866 2.
1447 836 1511 866 art.
1530 843 1560 878 5.
1584 831 1628 866 ad
1649 831 1682 867 6.

298 890 366 932 et3.
382 885 472 921 Dist.
483 885 538 933 36.
553 891 619 921 art.
633 897 667 930 4.
682 891 712 921 et
726 885 812 921 Mal.
827 898 857 932 q.
873 898 901 921 1.
919 891 984 920 art.
1001 897 1033 932 9.
1048 885 1092 920 ad
1105 886 1137 921 8.
1152 891 1184 920 et
1202 885 1287 920 Virt.
1303 897 1333 931 q.
1344 897 1374 932 5.
1388 890 1453 920 art.
1464 886 1524 931 3.).

181 973 244 1010 AD
270 984 481 1010 SECUNDUM
502 975 554 1010 sic
575 975 793 1022 proceditur.
815 974 980 1017 Videtur,
1003 974 1101 1021 quod
1122 985 1198 1009 non
1225 985 1355 1009 omnes
1381 974 1532 1010 virtutes
1557 974 1595 1009 in
1620 985 1695 1009 uno

111 1035 149 1063 et
168 1027 301 1063 eodem
322 1028 395 1063 sint
415 1028 616 1075 aequaliter
635 1028 819 1064 intensae:
842 1028 930 1063 dicit
950 1028 1049 1063 enim
1071 1027 1274 1075 Apostolus
1301 1039 1328 1062 1.
1344 1028 1388 1062 ad
1404 1027 1491 1063 Cor.
1509 1040 1560 1074 7.:
1589 1029 1697 1064 Unus-

88 1110 91 1117 Ι
111 1083 247 1129 quisque
269 1083 359 1118 enim
380 1082 479 1118 babet
493 1084 677 1130 proprium
697 1082 819 1117 donum
841 1094 863 1116 a
883 1083 971 1125 Deo,
987 1082 1073 1117 alius
1090 1081 1220 1129 quidem
1238 1083 1296 1124 sic,
1316 1082 1402 1116 alius
1415 1087 1524 1117 autem
1538 1084 1696 1134 sim-non

112 1144 209 1172 esset
229 1143 354 1171 autem
374 1147 491 1171 unum
511 1136 652 1171 donum
674 1137 791 1183 magis
809 1136 998 1183 proprium
1020 1136 1140 1178 alicui,
1160 1147 1271 1182 quarn
1294 1135 1403 1178 aliud,
1425 1136 1455 1171 si
1477 1147 1608 1171 omnes
1629 1137 1696 1171 vir-

111 1197 207 1225 tutes
228 1189 327 1225 dono
349 1190 421 1225 Dei
446 1189 582 1225 infusas
609 1190 757 1237 quilibet
784 1190 984 1237 aequaliter
1009 1190 1178 1232 haberet3
1201 1201 1290 1236 ergo
1315 1189 1469 1232 videtur,
1496 1190 1595 1237 quod
1621 1201 1698 1225 non

115 1254 246 1279 omnes
265 1243 416 1279 virtutes
436 1245 508 1280 sint
529 1243 699 1291 aequales
720 1244 757 1278 in
779 1255 854 1278 uno
877 1252 913 1279 et
934 1244 1078 1279 eodem.

186 1307 219 1333 2.
241 1297 481 1334 Prummu.
504 1298 544 1333 Si
565 1309 696 1333 omnes
717 1299 866 1333 virtutes
885 1306 1006 1333 essent
1027 1309 1142 1344 aeque
1163 1297 1328 1332 intensae
1350 1299 1386 1332 in
1408 1309 1482 1333 uno
1502 1307 1538 1333 et
1551 1298 1698 1341 eodem,

115 1358 338 1399 sequeretur,
351 1351 450 1399 quod
464 1352 685 1399 quicumque
701 1353 891 1386 excederet
905 1351 1065 1398 aliquem
1079 1351 1115 1386 in
1131 1363 1204 1386 una
1217 1351 1359 1394 virtute,
1376 1351 1567 1387 excederet
1578 1352 1699 1399 ipsum

113 1405 152 1440 in
173 1405 344 1440 omnibus
367 1405 446 1440 aliis
466 1405 674 1440 virtutibus:
696 1406 759 1440 sed
781 1405 853 1440 hoc
872 1413 972 1452 patet
993 1416 1072 1440 esse
1089 1404 1242 1440 falsum:
1264 1405 1349 1452 quia
1371 1406 1505 1441 diversi
1521 1406 1639 1441 sancti
1653 1407 1698 1442 de

111 1458 265 1494 *diversis
285 1459 476 1494 virtutibus
503 1459 697 1507 praecipue
723 1459 933 1495 laudantur:
960 1460 1054 1494 sicut
1078 1459 1269 1494 Abraham
1296 1460 1340 1494 de
1367 1459 1449 1503 fide,
1476 1460 1626 1507 Moyses
1653 1460 1698 1495 de

116 1513 408 1556 mansuetudine,
425 1513 493 1559 Job
516 1514 560 1548 de
581 1514 775 1561 patientia;
797 1514 893 1548 unde
915 1513 959 1548 de
981 1513 1144 1560 quolibet
1163 1513 1387 1549 Confessore
1404 1523 1570 1550 cantatur
1584 1515 1621 1549 in
1635 1514 1701 1549 Ec-

115 1565 246 1602 clesia:
267 1567 348 1602 Non
368 1572 413 1602 est
435 1569 588 1603 inventus
607 1568 726 1603 similis
746 1568 808 1610 illi,
832 1569 889 1614 qui
906 1573 1117 1603 conservaret
1134 1568 1234 1614 legem
1257 1569 1407 1610 Excelsi,·
1431 1580 1475 1603 eo
1498 1569 1597 1616 quod
1625 1569 1699 1615 qui-

113 1618 202 1655 libet
220 1620 349 1656 habuit
373 1621 669 1668 praerogativam
697 1621 850 1668 alicujus
875 1621 1034 1665 virtutis;
1060 1633 1136 1657 non
1163 1633 1252 1669 ergo
1279 1633 1410 1658 omnes
1436 1623 1588 1658 virtutes
1614 1631 1700 1658 sunt

114 1673 284 1722 aequales
304 1674 341 1709 in
363 1686 436 1710 uno
459 1683 495 1710 et
515 1675 658 1710 eodem.

188 1739 218 1775 3.
239 1728 479 1765 PRAETEREA.
505 1729 655 1770 Quanto
673 1729 819 1764 habitus
837 1738 891 1765 est
907 1729 1095 1772 intensior,
1110 1738 1212 1765 tanto
1227 1730 1344 1765 homo
1360 1730 1563 1765 secundum
1578 1731 1698 1778 ipsum

113 1781 375 1826 delectabilius,
397 1791 433 1818 et
451 1784 656 1831 promptius
679 1792 866 1830 operatur:
886 1784 948 1818 sed
968 1784 1218 1830 experimento
1238 1792 1347 1830 patet,
1363 1784 1461 1831 quod
1476 1796 1568 1820 unus
1582 1785 1700 1820 homo

114 1835 374 1880 delectabilius,
396 1845 432 1872 et
452 1838 657 1885 promptius
679 1847 851 1885 operatur
872 1846 996 1872 actum
1018 1838 1124 1873 unius
1146 1838 1298 1880 virtutis,
1327 1850 1439 1885 quam
1466 1847 1590 1873 actum
1617 1838 1703 1874 alte-

113 1890 206 1934 rius;
226 1901 302 1926 non
323 1901 412 1938 ergo
434 1902 564 1926 omnes
585 1892 735 1927 virtutes
756 1899 841 1927 sunt
862 1891 1032 1939 aequales
1053 1892 1091 1926 in
1113 1903 1186 1926 uno
1210 1900 1245 1926 et
1266 1892 1411 1927 eodem.

186 1943 263 1980 SED
285 1955 444 1980 CONTRA
465 1953 529 1988 est,
552 1945 650 1992 quod
673 1946 828 1992 August.
852 1946 938 1980 dicit
959 1946 996 1980 in
1015 1944 1047 1980 6.
1063 1945 1107 1980 de
1123 1945 1224 1980 Trin.
1243 1945 1332 1994 (cap.
1348 1958 1381 1991 4.
1398 1947 1586 1994 inprinc.),
1603 1947 1702 1993 quod

114 2000 311 2046 quicumque
330 2005 406 2035 sunt
425 2000 578 2047 aequales
599 2002 633 2034 in
647 2000 865 2047 fortitudine,
887 2000 1037 2061 aequales
1057 2005 1134 2035 sunt
1154 2000 1395 2047 inprudentia,
1411 2006 1440 2035 et
1453 2003 1700 2049 temperantia:

114 2060 152 2088 et
170 2052 222 2088 sic
244 2053 289 2088 de
311 2053 409 2089 aliis.
428 2053 500 2088 hoc
521 2062 644 2089 autem
662 2065 737 2089 non
757 2062 863 2096 esset,
877 2066 947 2089 nisi
959 2065 1088 2089 omnes
1104 2054 1255 2089 virtutes
1274 2054 1381 2089 unius
1401 2055 1562 2090 hominis
1581 2063 1701 2090 essent

114 2105 305 2154 aequales3
327 2118 416 2154 ergo
438 2119 568 2143 omnes
589 2108 740 2143 virtutes
762 2109 869 2143 unius
889 2108 1053 2143 hominis
1075 2116 1158 2143 sunt
1180 2108 1362 2156 aequales.

186 2159 419 2197 RESPONDEO
441 2161 650 2204 dicendum,
673 2162 771 2209 quod
790 2162 971 2209 quantitas
992 2162 1179 2204 virtutum,
1202 2162 1295 2197 sicut
1317 2174 1359 2197 ex
1378 2163 1483 2198 dictis
1505 2171 1603 2225 patet
1619 2148 1700 2208 (art.

110 2215 260 2261 praec),
282 2223 403 2263 potest
420 2216 557 2250 attendi
577 2215 764 2263 dupliciter.
789 2216 862 2251 Uno
884 2216 980 2251 modo
1003 2216 1207 2251 secundum
1222 2217 1403 2252 rationem
1423 2218 1578 2265 speciei:
1599 2226 1635 2252 et
1650 2218 1700 2253 sic

115 2279 191 2303 non
212 2276 268 2304 est
287 2269 450 2312 dubium,
472 2270 570 2317 quod
593 2281 665 2304 una
686 2270 800 2305 virtus
822 2270 928 2304 unius
949 2270 1111 2305 hominis
1134 2270 1179 2305 sit
1201 2271 1331 2317 major,
1357 2283 1468 2318 quam
1497 2271 1580 2314 alia,
1607 2272 1701 2306 sicut

115 2322 275 2358 charitas
307 2321 390 2366 fide,
420 2331 457 2359 et
485 2335 560 2371 spe.
590 2324 671 2359 Alio
700 2323 796 2359 modo
825 2331 945 2371 potest
973 2324 1111 2359 attendi
1141 2325 1344 2359 secundum
1378 2326 1700 2373 participationem

116 2375 289 2422 subjecti;
309 2385 418 2424 prout
437 2376 578 2412 scilicet
597 2377 807 2420 intenditur,
822 2377 880 2412 vel
902 2378 1097 2413 remittitur
1110 2378 1147 2412 in
1162 2378 1346 2424 subiecto:
1362 2388 1398 2414 et
1410 2380 1615 2415 secundum
1629 2380 1702 2414 hoc

116 2440 248 2465 omnes
267 2429 417 2466 virtutes
435 2431 542 2466 unius
562 2431 726 2466 hominis
747 2439 831 2466 sunt
849 2431 1019 2478 aequales
1033 2431 1192 2479 quadam
1209 2432 1426 2479 aequalitate
1441 2433 1703 2480 proportionis,

116 2483 334 2531 inquantum
355 2484 555 2532 aequaliter
576 2493 745 2520 crescunt
764 2485 801 2519 in
823 2485 996 2520 homine:
1019 2487 1112 2521 sicut
1133 2486 1236 2533 digiti
1251 2498 1381 2522 manus
1395 2496 1478 2522 sunt
1491 2487 1702 2534 inaequales

116 2537 320 2573 secundum
342 2539 594 2586 quantitatem,
616 2539 679 2574 sed
698 2547 782 2574 sunt
804 2539 974 2586 aequales
993 2540 1195 2575 secundum
1214 2541 1504 2588 proportionem,
1524 2553 1608 2576 cum
1622 2552 1703 2588 pro-

116 2590 408 2639 portionabiliter
429 2600 640 2640 augeantur.
657 2592 879 2639 Huiusmodi
895 2601 1017 2628 autem
1033 2593 1261 2640 aequalitatis
1276 2603 1421 2642 oportet
1439 2596 1572 2630 eodem
1587 2596 1701 2630 modo

118 2645 300 2681 rationem
321 2645 499 2694 accipere,
520 2646 615 2681 sicut
635 2655 670 2681 et
691 2647 950 2682 connexionis:
979 2647 1179 2695 aequalitas
1206 2648 1303 2683 enim
1332 2657 1386 2684 est
1412 2649 1591 2696 quaedam
1619 2660 1703 2684 con-

117 2698 226 2734 nexio
243 2699 418 2735 virtutum
440 2699 503 2746 [al.
525 2700 708 2746 unitatum]
726 2701 928 2736 secundum
943 2702 1182 2749 quantitatem
1198 2714 1205 2736 ε
1228 2703 1366 2737 dictum
1389 2712 1442 2738 est
1456 2711 1579 2738 autem
1594 2714 1702 2750 supra

120 2751 167 2800 (q.
189 2752 240 2800 65.
267 2758 332 2788 art.
359 2754 420 2799 1.),
448 2754 547 2801 quod
573 2754 667 2788 ratio
695 2754 935 2790 connexionis
961 2756 1136 2790 virtutum
1162 2755 1343 2804 dupliciter
1369 2757 1546 2803 assignari
1571 2765 1702 2804 potest.

125 2807 200 2842 Uno
219 2806 316 2842 modo
337 2808 541 2842 secundum
562 2807 790 2843 intellectum
812 2819 954 2852 eorum,
976 2809 1038 2856 qui
1059 2809 1267 2856 intelligunt
1289 2822 1353 2857 per
1374 2811 1440 2845 has
1463 2818 1619 2858 quatuor
1635 2811 1704 2845 vir-

118 2868 214 2896 tutes
234 2869 391 2908 quatuor
411 2861 643 2897 conditiones
664 2861 854 2908 generales
886 2863 1073 2906 virtutum,
1101 2875 1255 2910 quarum
1285 2876 1356 2898 una
1387 2864 1496 2899 simul
1521 2864 1703 2899 invenitur

120 2925 207 2950 cum
227 2914 308 2951 aliis
329 2915 367 2950 in
387 2914 548 2962 qualibet
568 2915 740 2952 materia:
763 2924 799 2951 et
824 2916 875 2951 sic
905 2917 1018 2952 virtus
1046 2917 1082 2952 in
1112 2917 1273 2964 qualibet
1301 2919 1453 2954 materia
1482 2929 1557 2954 non
1584 2927 1704 2966 potest

265 2996 296 3025 S.
316 2996 440 3025 Tuon!
461 2996 568 3025 Summa
593 2997 756 3035 Ybeologt'ea.
777 2999 841 3025 Vol.
866 2999 903 3027 Π.
1527 3010 1560 3036 30
