1875 3198
236 186 322 240 786
665 203 887 238 QUAESTIO
922 207 1006 236 ριν.
1042 208 1286 240 ARTICULUS
1320 211 1379 241 111.

234 279 371 325 gelium
393 280 630 328 divulgatum.
646 283 843 331 Praecepta
860 295 981 321 autem
1002 288 1184 333 judicialia
1199 300 1281 326 sunt
1295 293 1442 338 quidem
1461 301 1606 340 mortua,
1626 298 1710 344 quia
1728 310 1802 334 non

232 334 368 369 habent
388 337 464 370 vim
488 337 690 383 obligandi,
712 350 786 373 non
808 348 931 375 tamen
952 351 1034 377 sunt
1056 346 1244 388 mortifera:
1268 348 1351 392 quia
1373 348 1402 382 si
1423 349 1502 395 quis
1523 351 1690 398 princeps
1712 353 1803 388 ordi-

232 396 334 423 naret
349 389 384 423 'm
399 401 511 436 regno
531 402 597 426 suo
616 391 677 425 illa
694 393 877 437 judicialia
896 395 1090 439 observari,
1106 409 1181 432 non
1199 408 1383 445 peccaret:
1403 402 1472 436 nisi
1491 402 1583 438 forte
1597 404 1670 439 hoc
1689 406 1801 441 modo

233 442 520 486 observarentur,
543 444 600 478 vel
623 446 806 480 observari
828 449 1094 493 mandarentur,
1113 459 1300 499 tamquam
1327 454 1497 490 habentia
1518 457 1594 492 vim
1615 458 1802 505 obligandi

232 506 273 529 ex
294 497 423 531 veteris
447 497 536 543 legis
558 498 799 534 institutione:
822 500 903 536 talis
930 503 1028 537 enim
1053 504 1206 540 intentio
1235 506 1450 543 observandi
1477 519 1570 546 esset
1596 512 1800 548 mortifera:

231 556 266 582 et
286 548 391 594 hujus
413 550 634 585 differentiae
656 552 746 586 ratio
769 561 888 599 potest
909 556 1025 602 accipi
1044 569 1086 591 ex
1104 559 1310 604 praemissis
1325 561 1408 606 (art.
1420 564 1575 609 pram).-
1591 565 1728 601 dictum
1750 575 1803 602 est

232 602 340 644 enim,
362 604 458 649 quod
481 613 673 651 praecepta
696 608 977 643 caeremonialia
995 618 1078 645 sunt
1095 611 1260 658 figuralia
1278 614 1408 660 primo,
1424 624 1458 650 et
1471 628 1534 663 per
1548 629 1597 661 se,
1612 626 1801 666 tamquam

230 655 392 690 instituta
419 657 665 704 principaliter
692 660 735 693 ad
762 659 949 706 figuranda
972 662 1109 699 Christi
1135 667 1308 712 mysteria
1335 676 1373 702 ut
1397 668 1527 713 futura,
1555 679 1590 706 et
1614 672 1698 708 ideo
1724 674 1802 720 ipsa

232 709 437 744 observatio
461 723 588 746 eorum
615 714 837 759 praejudicat
863 715 947 751 fidei
967 718 1119 761 veritati,
1142 721 1343 756 secundum
1365 734 1475 769 quam
1503 725 1719 761 confitemur
1739 728 1801 763 illa

230 764 402 809 mysteria
416 765 489 809 jam
509 777 586 800 esse
606 766 804 813 completa:
828 779 1019 817 praecepta
1042 781 1163 807 autem
1185 774 1368 819 judicialia
1382 788 1457 811 non
1475 787 1558 813 sunt
1577 780 1738 816 instituta
1757 783 1800 817 ad

230 816 471 862 figurandum,
499 819 560 853 sed
583 819 626 853 ad
654 820 918 867 disponendum
950 832 1083 859 statum
1110 826 1206 861 illius
1235 829 1372 874 populi,
1402 831 1463 876 qui
1497 833 1730 869 ordinabatur
1756 836 1800 870 ad

231 869 438 913 Christum,
456 881 490 906 et
511 873 606 915 ideo,
622 882 761 908 mutato
781 883 873 910 statu
896 876 992 912 illius
1014 880 1150 925 populi,
1167 880 1315 916 Christo
1337 884 1411 928 jam
1425 885 1603 929 veniente,
1617 888 1801 933 judicialia

228 933 420 970 praecepta
442 925 705 972 obligationem
729 929 942 965 amiserunt:
965 931 1021 966 lex
1037 933 1132 967 enim
1155 933 1220 969 fuit
1234 936 1469 984 paedagogus
1483 938 1618 975 ducens
1633 941 1677 976 ad
1693 941 1799 976 Chri-

227 984 335 1019 stum,
358 986 395 1012 ut
416 979 545 1014 dicitur
568 980 611 1014 ad
635 981 715 1015 Gal.
742 994 770 1028 3.
796 982 893 1024 Quia
915 993 1038 1020 tamen
1065 987 1276 1032 hujusmodi
1301 991 1485 1036 judicialia
1511 1003 1702 1041 praecepta
1724 1008 1799 1031 non

227 1030 438 1066 ordinantur
460 1033 503 1067 ad
526 1033 766 1079 figurandum,
789 1037 851 1071 sed
874 1038 916 1071 ad
940 1038 1074 1086 aliquid
1101 1040 1320 1085 faciendum,
1342 1044 1419 1090 ipsa
1442 1057 1570 1081 eorum
1592 1048 1797 1085 observatio

227 1084 390 1119 absolute
412 1098 486 1120 non
509 1088 731 1133 praejudicat
752 1089 835 1124 fidei
856 1092 1015 1128 veritati:
1038 1094 1101 1128 sed
1122 1094 1274 1130 intentio
1302 1098 1520 1134 observandi
1541 1108 1729 1149 tamquam
1756 1117 1799 1139 ex

227 1138 449 1184 obligatione
464 1139 554 1186 legis
570 1143 791 1187 praejudicat
805 1144 945 1179 veritati
960 1145 1061 1189 fidei3
1082 1148 1163 1194 quia
1183 1161 1245 1195 per
1259 1150 1330 1185 hoc
1349 1151 1554 1197 haberetur,
1569 1156 1666 1202 quod
1685 1166 1798 1193 status

226 1192 353 1237 prioris
376 1193 500 1239 populi
523 1194 640 1228 adhuc
664 1196 820 1239 duraret,¹
842 1206 875 1232 et
898 1200 994 1245 quod
1018 1200 1184 1237 Christus
1206 1204 1370 1239 nondum
1392 1207 1558 1243 venisset.

298 1247 356 1279 AD
383 1257 532 1282 PRIMUM
564 1259 650 1294 ergo
686 1249 892 1294 dicendum,
924 1254 1020 1299 quod
1051 1255 1184 1300 justitia
1219 1258 1365 1303 quidem
1392 1269 1565 1307 perpetuo
1602 1271 1655 1298 est
1681 1265 1798 1300 obser-

226 1300 362 1342 vanda,
385 1301 447 1335 sed
481 1301 735 1338 determinatio
771 1316 911 1349 eorum,
939 1319 1030 1353 quae
1058 1318 1140 1344 sunt
1165 1311 1269 1356 justa,
1300 1314 1500 1349 secundum
1533 1316 1797 1354 institutionem

225 1354 440 1397 humanam,
463 1355 521 1390 vel
543 1356 714 1399 divinam,
731 1367 873 1404 oportet
894 1361 990 1407 quod
1010 1362 1166 1398 varietur
1186 1366 1388 1400 secundum
1404 1367 1585 1404 diversum
1603 1370 1796 1408 hominum

224 1415 367 1442 statum.

295 1462 354 1495 AD
382 1473 589 1498 SECUNDUM
618 1464 823 1508 dicendum,
851 1468 947 1513 quod
975 1479 1167 1516 praecepta
1188 1472 1372 1517 judicialia
1400 1475 1441 1508 ab
1469 1476 1678 1512 hominibus
1700 1479 1796 1514 insti-

223 1523 298 1549 tuta
321 1516 454 1551 habent
476 1526 687 1564 perpetuam
710 1519 984 1565 obligationem,
1001 1533 1170 1559 manente
1192 1525 1256 1560 illo
1280 1535 1372 1561 statu
1395 1529 1599 1575 regiminis:
1623 1532 1685 1566 sed
1704 1532 1733 1567 si
1752 1534 1797 1567 ci-

223 1568 324 1611 vitas,
346 1569 404 1604 vel
426 1582 513 1616 gens
537 1572 579 1605 ad
607 1571 704 1606 aliud
731 1574 895 1619 regimen
921 1576 1098 1620 deveniat,
1126 1587 1270 1625 oportet
1296 1580 1394 1627 leges
1425 1584 1568 1627 mutari,
1595 1597 1670 1619 non
1697 1586 1794 1621 enini

223 1623 373 1657 eaedem
395 1624 493 1671 leges
517 1626 737 1660 conveniunt
752 1627 788 1660 in
803 1628 1051 1673 Democratia,
1074 1643 1165 1677 quae
1188 1641 1241 1667 est
1262 1642 1420 1679 potestas
1442 1637 1580 1683 populi,
1603 1646 1638 1673 et
1658 1639 1694 1674 in
1719 1639 1795 1675 Oli-

222 1677 381 1722 garchia,
410 1690 500 1724 quae
524 1687 576 1713 est
597 1687 756 1726 potestas
779 1681 942 1725 divitum,
965 1692 1003 1718 ut
1025 1693 1122 1730 patet
1136 1698 1200 1732 per
1215 1687 1351 1722 Philos.
1372 1689 1407 1723 in
1422 1701 1486 1724 sua
1499 1691 1653 1727 Politica
1673 1693 1746 1738 (lib.
1765 1707 1792 1740 3.

221 1738 291 1777 cap.
310 1744 339 1777 5.
363 1732 395 1767 6.
418 1738 447 1767 at
468 1732 518 1778 9.)
529 1745 541 1773 ;
565 1741 600 1767 et
619 1733 702 1768 ideo
725 1735 835 1770 etiam
857 1745 996 1772 mutato
1019 1746 1112 1773 statu
1134 1739 1230 1774 illius
1251 1741 1389 1788 populi,
1411 1745 1571 1790 oportuit
1599 1755 1792 1794 praecepta

220 1784 403 1829 judicialia
425 1786 567 1820 mutari.

293 1839 354 1874 AD
378 1850 549 1875 TERT1UM
572 1841 778 1884 dicendum,
801 1844 898 1889 quod
920 1844 981 1879 illa
1004 1855 1195 1892 praecepta
1216 1848 1401 1893 judicialia
1422 1851 1662 1898 disponebant
1683 1865 1793 1901 popu-

219 1891 296 1926 lum
319 1893 361 1927 ad
384 1894 568 1939 justitiam,
592 1903 626 1929 et
648 1896 879 1942 aequitatem,
903 1899 1104 1933 secundum
1126 1901 1222 1946 quod
1246 1903 1487 1939 conveniebat
1508 1905 1559 1940 illi
1580 1907 1706 1943 statui:
1728 1909 1790 1943 sed

219 1954 301 1991 post
316 1946 504 1982 Christum
519 1956 652 1982 statum
666 1949 762 1984 illius
776 1951 901 1997 populi
916 1953 1075 1998 oportuit
1090 1955 1233 1997 mutari,
1248 1963 1286 1990 ut
1306 1957 1380 2002 jam
1394 1957 1432 1992 in
1448 1958 1595 1994 Christo
1610 1971 1684 1995 non
1699 1971 1793 1997 esset

219 1999 388 2035 discretio
413 2001 578 2044 Gentilis‚
601 2010 635 2037 et
651 2003 790 2048 Judaei,
813 2004 904 2039 sicut
931 2013 1036 2040 antea
1059 2015 1154 2042 erat:
1179 2016 1214 2043 et
1234 2018 1380 2056 propter
1401 2011 1473 2047 hoc
1501 2014 1661 2060 oportuit
1681 2015 1791 2050 etiam

219 2063 410 2101 praecepta
432 2055 614 2101 judicialia
637 2059 778 2092 mutari.

778 2207 1125 2253 ARTICULUS
1154 2210 1229 2254 IV.
1724 2241 1788 2277 559

437 2318 590 2349 UTRUM
623 2321 874 2352 PRAECEPTA
903 2323 1154 2365 JUDICIALIA
1186 2326 1366 2358 POSSINT
1401 2329 1568 2360 HABERE

650 2387 850 2423 ALIQUAM
880 2389 1056 2420 CERTAM
1083 2391 1355 2423 DIVISIONEM.

288 2486 347 2519 AD
367 2486 616 2524 QUARTUMSic
633 2487 850 2533 proceditur.
868 2488 1029 2533 Videtur,
1044 2490 1140 2536 quod
1157 2500 1346 2538 praecepta
1359 2492 1541 2538 judicialia
1560 2505 1634 2529 non
1648 2499 1787 2543 possint

216 2538 347 2573 habere
370 2538 529 2585 aliquam
549 2549 685 2575 certam
705 2541 941 2577 divisionem:
966 2553 1155 2590 praecepta
1173 2546 1270 2579 enim
1284 2546 1468 2592 judicialia
1484 2547 1651 2584 ordinant
1671 2550 1787 2585 homi-

215 2603 277 2626 nes
301 2592 343 2626 ad
366 2592 542 2627 invicem:
567 2595 626 2628 scd
651 2606 703 2636 ca,
719 2607 810 2641 quae
830 2596 921 2630 inter
943 2597 1111 2632 homines
1132 2599 1289 2633 ordinari
1305 2608 1460 2646 oportet,
1478 2601 1514 2635 in
1533 2613 1638 2636 usum
1658 2615 1784 2639 corum

214 2646 406 2688 venientia,
429 2658 502 2681 non
519 2647 651 2682 cadunt
669 2649 731 2682 sub
749 2657 844 2683 certa
865 2649 1108 2693 distinctione,
1125 2663 1207 2686 cum
1223 2653 1293 2687 sint
1314 2652 1471 2698 infinita3
1491 2666 1578 2701 crgo
1593 2666 1785 2704 praecepta

215 2699 395 2743 judicialia
418 2712 491 2735 non
514 2710 665 2747 possunt
686 2702 818 2736 habere
843 2712 978 2737 certam
1003 2704 1284 2740 distinctionem.

286 2764 315 2787 2.
344 2754 580 2790 PRAETEREA.
604 2755 801 2802 Praecepta
824 2757 1003 2801 judicialia
1031 2767 1113 2793 sunt
1140 2759 1459 2796 determinationes
1482 2763 1696 2799 moralium:
1719 2766 1780 2800 sed

216 2807 367 2841 moralia
384 2817 573 2855 praecepta
589 2820 662 2843 non
678 2809 843 2844 videntur
865 2810 997 2845 habere
1021 2811 1179 2858 aliquam
1196 2814 1477 2857 distinctionem,
1492 2815 1560 2851 nisi
1582 2818 1782 2853 secundum

215 2860 310 2906 quod
334 2861 550 2896 reducuntur
567 2863 609 2896 ad
626 2872 816 2909 praecepta
839 2864 1026 2908 decalogi,
1042 2877 1130 2911 ergo
1146 2875 1336 2914 praecepta
1355 2868 1537 2913 judicialia
1555 2881 1629 2906 non
1648 2871 1781 2908 habent

216 2914 373 2960 aliquam
397 2924 531 2950 certam
555 2916 836 2952 distinctionem.
