1907 3182
268 172 349 212 116
689 178 909 215 QUAESTIO
944 177 1033 206 XIII.
1067 176 1310 206 ARTICULUS
1344 176 1387 204 11.

263 276 305 298 ex
327 274 398 309 quo
421 273 494 296 non
516 261 648 295 incedit
669 271 731 307 per
754 260 840 294 alias
862 259 960 300 duas,
984 270 1066 292 cum
1087 269 1162 292 non
1184 258 1253 292 sint
1273 256 1410 304 plures;
1438 267 1524 302 ergo
1549 255 1700 298 videtur,
1727 255 1823 302 quod

264 317 393 352 electio
416 316 527 350 brutis
550 314 764 349 animalibus
787 313 988 348 conveniat.

338 370 411 404 SED
435 379 589 404 CONTRA
612 376 674 409 est,
698 367 794 413 quod
818 367 926 411 Greg.
949 366 1054 411 Nyss.
1079 365 1147 409 (vel
1168 365 1295 400 Nemes.
1318 365 1372 399 lib.
1396 363 1431 398 de
1453 364 1532 398 Nat.
1554 363 1656 397 Hom.
1684 369 1756 409 cap.
1779 374 1824 408 33.

264 425 298 458 in
320 423 448 470 princ.)
475 422 570 464 dicit,
599 421 694 467 quod
721 420 833 466 pueri,
861 428 895 453 et
920 418 1142 453 irrationalia
1166 418 1369 452 voluntarie
1396 417 1542 463 quidem
1568 416 1716 458 faciunt,
1751 426 1825 449 non

266 485 389 512 tamen
411 476 599 522 eligentia3
623 485 708 520 ergo
732 474 767 507 in
788 473 899 507 brutis
922 471 1135 506 animalibus
1157 483 1230 506 non
1250 479 1302 506 est
1323 470 1464 505 electio.

333 530 562 564 RESPONDEO
587 527 792 568 dicendum,
815 526 911 572 quod
934 537 1017 559 cum
1040 524 1168 559 electio
1191 525 1235 559 sit
1256 523 1507 571 praeacceptio
1534 523 1639 557 unius
1664 529 1827 569 respectu

269 583 424 625 alterius,
447 592 595 616 necesse
618 588 680 622 est,
703 580 799 626 quod
822 579 950 613 electio
973 579 1017 613 sit
1038 587 1201 624 respectu
1231 578 1399 624 plurium,
1426 588 1517 623 quae
1547 576 1631 622 eligi
1656 583 1828 622 possunt:

270 645 304 671 et
325 637 407 670 ideo
430 637 465 669 in
486 636 554 676 his,
578 646 667 680 quae
690 642 771 667 sunt
792 633 932 679 penitus
961 632 1196 666 determinata
1226 632 1269 665 ad
1299 642 1424 672 unum,
1448 630 1577 664 electio
1607 629 1730 664 locum
1754 640 1830 663 non

268 691 386 724 habet.
409 689 471 723 Est
493 696 613 722 autem
636 686 835 720 differentia
857 686 948 720 inter
971 686 1168 731 appetitum
1186 685 1409 726 sensitivmn,
1429 692 1463 718 et
1475 683 1718 724 voluntatem;
1736 682 1830 728 quia,

269 752 308 778 ut
329 755 371 777 ex
392 741 581 789 praedictis
604 748 702 787 patet
721 739 766 785 (q.
787 752 813 775 Ι.
837 745 899 774 art.
923 751 953 774 2.
975 739 1017 773 acl
1035 739 1093 784 3.),
1115 739 1290 785 appetitus
1305 737 1494 771 sensitivus
1509 745 1562 772 est
1575 736 1831 771 determinatus

271 797 314 831 ad
335 807 447 830 unum
470 794 684 842 particulare
707 793 906 827 secundum
926 792 1090 826 ordinem
1111 800 1278 826 naturae:
1301 790 1469 825 voluntas
1484 799 1605 825 autem
1620 798 1673 824 est
1686 789 1831 836 quidem

270 849 469 885 secundum
490 856 638 882 naturae
657 847 821 880 ordinem
841 846 1077 880 determinata
1093 845 1136 878 ad
1155 856 1268 878 unum
1283 855 1490 886 commune,
1506 844 1602 890 quod
1617 851 1670 878 est
1682 843 1831 883 bonum,

271 903 332 937 sed
354 902 628 936 indeterminate
652 912 688 934 se
710 900 818 933 habet
840 907 1003 944 respectu
1025 898 1296 944 particularium
1316 898 1517 939 bonorum;
1539 905 1574 931 et
1594 897 1675 930 ideo
1690 895 1832 942 proprie

272 956 467 991 voluntatis
491 963 543 989 est
565 954 709 999 eligere,
732 964 805 986 non
828 961 949 987 autem
972 952 1148 997 appetitus
1175 951 1346 992 sensitivi,
1373 951 1434 997 qui
1460 950 1558 985 solus
1584 958 1638 984 est
1661 950 1698 984 in
1722 949 1833 983 brutis

272 1009 504 1050 ani1nalibus3
527 1016 561 1042 et
587 1015 732 1053 propter
749 1007 820 1040 hoc
842 1006 953 1039 brutis
973 1004 1188 1039 animalibus
1211 1004 1340 1038 electio
1363 1016 1438 1038 non
1461 1004 1641 1038 convenit.

345 1063 404 1097 AD
427 1072 575 1097 PRIMUM
599 1072 684 1106 ergo
708 1060 912 1101 dicendum,
940 1059 1037 1105 quod
1063 1070 1137 1092 non
1165 1058 1284 1092 omnis
1311 1058 1486 1104 appetitus
1516 1057 1665 1103 alicujus
1691 1064 1837 1103 propter

272 1117 381 1151 finem
416 1123 565 1149 vocatur
592 1113 734 1155 electio,
761 1113 822 1147 sed
851 1124 933 1146 curn
961 1112 1117 1158 quadam
1144 1109 1359 1146 discretione
1386 1111 1490 1145 unius
1518 1111 1559 1144 ab
1593 1110 1718 1152 altero,
1745 1120 1836 1156 quae

273 1170 397 1204 locum
418 1169 552 1202 habere
574 1179 647 1201 non
669 1175 797 1213 potest,
820 1166 888 1200 nisi
909 1166 968 1199 ubi
988 1166 1163 1212 appetitus
1185 1173 1304 1211 potest
1325 1165 1406 1199 ferri
1428 1165 1471 1199 ad
1493 1164 1604 1211 plura.

347 1223 406 1257 AD
430 1232 637 1256 SECUNDUM
665 1220 870 1261 dicendum,
898 1220 993 1266 quod
1020 1220 1164 1253 brutum
1187 1218 1322 1253 animal
1349 1219 1479 1265 accipit
1504 1230 1616 1252 unum
1643 1229 1727 1264 prae
1755 1217 1838 1259 alio,

275 1277 358 1324 quia
367 1276 542 1323 appetitus
558 1276 633 1320 ejus
649 1282 702 1309 est
715 1273 923 1308 naturaliter
937 1273 1193 1307 determinatus
1215 1272 1258 1307 ad
1280 1273 1416 1319 ipsum3
1438 1272 1532 1306 unde
1554 1272 1674 1307 statim
1694 1270 1838 1318 quando

277 1342 339 1378 per
359 1341 517 1370 sensum,
536 1328 593 1362 vel
612 1339 674 1374 per
695 1328 995 1373 imaginationem
1017 1334 1303 1373 repraesentatur
1329 1326 1395 1360 sibi
1417 1326 1562 1372 aliquid,
1589 1326 1632 1359 ad
1659 1325 1755 1371 quod
1781 1335 1840 1358 na-

277 1383 438 1419 turaliter
458 1381 651 1416 inclinatur
670 1382 744 1426 ejus
768 1381 956 1427 appetitus,
980 1380 1111 1426 absque
1134 1380 1311 1414 electione
1333 1388 1500 1414 movetur
1521 1379 1565 1413 ad
1586 1379 1722 1425 ipsum:
1749 1378 1841 1412 sicut

278 1438 387 1472 etiam
410 1437 542 1482 absque
565 1435 743 1470 electione
766 1435 858 1480 ignis
881 1442 1048 1468 movetur
1066 1445 1218 1475 sursum,
1241 1441 1276 1467 et
1296 1444 1369 1467 non
1392 1433 1574 1467 deorsum.

350 1491 408 1525 AD
432 1500 603 1524 TERT1UM
625 1488 830 1530 dicendum,
853 1487 961 1534 quod,
988 1488 1080 1521 sicut
1101 1487 1229 1521 dicitur
1262 1487 1297 1520 in
1331 1498 1358 1532 3.
1382 1486 1490 1532 Phys.
1514 1487 1592 1532 (tax.
1618 1486 1671 1521 16.
1697 1490 1725 1520 et
1749 1485 1839 1531 seq),

282 1553 402 1579 motus
426 1552 478 1578 est
496 1551 595 1576 actus
618 1541 762 1576 mobilis
785 1553 803 1575 a
826 1549 1012 1575 movente:
1037 1549 1071 1574 et
1091 1540 1173 1574 ideo
1195 1540 1306 1574 virtus
1329 1540 1508 1574 moventis
1530 1547 1676 1586 apparet
1689 1539 1726 1573 in
1739 1547 1842 1573 motu

280 1597 435 1633 mobilis.
458 1597 501 1630 Et
522 1604 667 1642 propter
688 1596 758 1629 hoc
781 1595 817 1628 in
840 1592 1018 1636 omnibus,
1042 1605 1132 1640 quae
1155 1600 1346 1627 moventur
1368 1605 1387 1627 a
1409 1594 1559 1636 ratione,
1581 1601 1727 1640 apparet
1752 1593 1842 1627 ordo

282 1651 430 1686 rationis
453 1650 633 1684 moventis
646 1662 654 1691 3
676 1649 760 1682 licet
774 1649 862 1694 ipsa,
877 1659 967 1693 quae
983 1659 1001 1681 a
1016 1648 1155 1681 ratione
1170 1655 1373 1689 moventur,
1388 1647 1567 1681 rationem
1580 1658 1654 1681 non
1668 1647 1841 1681 habeant:

285 1706 334 1740 sic
359 1705 455 1738 enim
477 1703 606 1749 sagitta
629 1703 761 1736 directe
783 1702 897 1735 tendit
919 1701 962 1734 ad
984 1701 1126 1747 signum
1151 1712 1192 1735 ex
1218 1701 1381 1734 motione
1408 1701 1620 1747 sagittantis,
1646 1712 1687 1734 ac
1714 1700 1744 1734 si
1768 1700 1845 1746 ipsa

283 1759 462 1793 rationem
484 1757 632 1790 haberet
653 1756 885 1801 dirigentem3
908 1762 942 1789 et
963 1754 1059 1788 idem
1083 1762 1229 1801 apparet
1249 1754 1285 1787 in
1308 1754 1466 1788 motibus
1492 1754 1783 1800 horologiorum,
1811 1761 1845 1787 et

283 1812 448 1846 omnium
471 1810 701 1856 ingeniorum
723 1809 980 1850 humanorum,
1004 1819 1095 1854 quae
1118 1815 1190 1842 arte
1213 1807 1312 1841 fiunt.
1336 1808 1437 1842 Sicut
1455 1816 1576 1842 autem
1591 1815 1846 1854 comparantur

283 1864 481 1900 artificialia
504 1864 546 1897 ad
570 1871 683 1897 artem
709 1863 920 1903 humanam,
947 1862 995 1896 ita
1021 1869 1277 1908 comparantur
1306 1861 1429 1895 omnia
1457 1861 1634 1896 naturalia
1661 1862 1705 1895 ad
1733 1869 1846 1895 artem

284 1919 462 1960 divinam3
485 1925 520 1951 et
548 1917 629 1951 ideo
658 1916 747 1950 ordo
776 1923 922 1962 apparet
948 1916 983 1949 in
1013 1916 1080 1957 his,
1108 1926 1198 1961 quae
1225 1923 1417 1949 moventur
1443 1915 1642 1950 secundum
1668 1923 1846 1956 naturam,

284 1973 375 2007 sicut
385 1979 419 2006 et
431 1971 466 2005 in
481 1971 548 2013 his,
564 1981 654 2016 quae
667 1978 859 2004 moventur
869 1969 1069 2003 secundum
1081 1976 1205 2010 artem,
1217 1977 1255 2003 ut
1266 1969 1395 2002 dicitur
1408 1969 1444 2002 in
1460 1979 1490 2002 2.
1505 1969 1613 2015 Phys.
1626 1968 1679 2012 (ex
1690 1967 1846 2014 tex.49.).

285 2027 328 2060 Et
349 2037 391 2060 ex
412 2025 483 2058 hoc
507 2024 695 2069 contingit,
711 2023 806 2070 quod
821 2023 857 2056 in
873 2023 1039 2068 operibus
1054 2023 1242 2057 brutorum
1258 2022 1470 2056 animalium
1485 2030 1657 2069 apparent
1669 2021 1848 2069 quaedam

285 2079 510 2125 sagacitate5‚
533 2078 745 2123 inquantum
768 2077 901 2110 habent
919 2076 1191 2110 inclinationem
1212 2076 1414 2110 naturalem
1437 2076 1480 2110 ad
1507 2076 1684 2122 quosdam
1711 2075 1849 2110 ordina-

285 2132 444 2168 tissimos
478 2142 679 2178 processus,
713 2139 836 2176 utpote
864 2142 882 2164 a
909 2142 1052 2164 summa
1079 2139 1152 2164 arte
1179 2131 1383 2172 ordinatos;
1411 2138 1445 2164 et
1470 2138 1616 2177 propter
1639 2130 1711 2164 hoc
1739 2131 1848 2164 etiarn

287 2186 464 2234 quaedam
487 2185 657 2219 animalia
682 2185 848 2219 dicuntur
869 2185 1068 2231 prudentia,
1089 2185 1147 2219 vel
1169 2185 1332 2231 sagacia3
1354 2196 1428 2219 non
1447 2185 1542 2232 quod
1557 2185 1592 2219 in
1608 2185 1658 2220 eis
1673 2185 1717 2220 sit
1731 2185 1850 2232 aliqua

287 2241 390 2282 ratio,
411 2239 468 2273 vel
491 2239 639 2281 electi03
662 2239 758 2285 quod
781 2250 822 2273 ex
843 2239 914 2272 hoc
931 2247 1088 2285 apparet,
1103 2239 1199 2285 quod
1216 2239 1350 2281 omnia,
1371 2250 1461 2285 quae
1476 2246 1558 2273 sunt
1570 2239 1674 2274 unius
1689 2247 1849 2282 naturae,

288 2293 453 2329 similiter
475 2300 678 2339 operantur.

841 2410 1184 2455 ARTICULUS
1219 2412 1297 2454 ΠΙ.

408 2510 559 2540 UTRUM
587 2509 775 2538 ELECTIO
806 2508 872 2538 SIT
897 2509 1042 2538 SOLUM
1066 2510 1216 2540 EORUM
1239 2511 1356 2546 QUAE
1383 2510 1496 2541 SUNT
1518 2510 1576 2540 AD
1600 2510 1747 2550 FINEM,

655 2575 712 2604 AN
739 2575 877 2603 ETIAM
905 2575 1184 2611 QUANDOQL'E
1212 2576 1345 2606 IPSIUS
1368 2576 1492 2606 FINIS.

563 2646 666 2692 (Insr.
689 2651 753 2680 art.
776 2657 808 2690 4.
830 2651 856 2680 cl
879 2646 911 2680 6.
935 2653 1021 2693 corp.
1045 2652 1071 2681 ct
1088 2653 1178 2694 part.
1194 2660 1220 2694 3.
1240 2660 1269 2693 q.
1292 2649 1341 2683 18.
1364 2653 1426 2682 art.
1445 2658 1478 2692 4.
1497 2654 1587 2694 corp.

364 2707 393 2736 ut
421 2702 476 2735 lib.
504 2712 535 2745 4.
567 2700 681 2735 Contr.
708 2711 737 2745 g.
765 2706 837 2746 cap.
864 2711 911 2745 95.
936 2701 994 2745 jin.
1021 2706 1048 2735 ct
1075 2708 1181 2747 opusc.
1209 2713 1239 2736 2.
1262 2709 1333 2748 cap.
1361 2713 1431 2748 177.
1458 2706 1486 2736 et
1507 2713 1534 2748 3.
1562 2701 1637 2736 ΕΗ).
1665 2701 1733 2735 lect.
1755 2712 1782 2735 1.

841 2758 868 2788 at
889 2766 916 2788 1.
938 2754 1048 2789 Parth.
1073 2755 1140 2789 lect.
1164 2766 1213 2800 14.
1228 2756 1320 2801 fin).

1807 2435 1849 2470 77

369 2833 428 2867 ΑΒ
453 2842 622 2867 TERTIUM
645 2831 695 2865 sic
718 2831 934 2877 proceditur.
957 2831 1119 2874 Videtur,
1143 2833 1238 2878 quod
1263 2833 1391 2868 electio
1413 2844 1486 2868 non
1508 2832 1553 2868 sit
1569 2840 1708 2868 tantum
1728 2843 1855 2867 eorum

299 2898 389 2933 quac
412 2886 550 2920 suntad
567 2885 691 2919 finem:
715 2885 800 2919 dicit
822 2885 917 2919 enim
934 2885 1069 2920 Philos.
1090 2886 1124 2920 in
1140 2885 1170 2922 6.
1189 2886 1266 2921 Eth.
1292 2888 1376 2933 (cap.
1398 2899 1445 2922 12.
1461 2892 1534 2934 pos!
1548 2887 1658 2932 mcci),
1674 2886 1770 2932 quod
1790 2885 1856 2920 elc-
