1907 3182
234 175 315 230 136
663 185 882 221 QUAEsrio
913 185 1016 215 xvu.
1050 185 1295 216 ARTICULUS
1329 185 1357 215 1.

302 281 330 315 3.
352 269 588 303 PRAETEREA.
611 267 669 302 Ad
690 267 883 314 imperium
897 268 1019 302 statim
1033 267 1192 314 sequitur
1207 275 1326 302 actus:
1349 267 1412 301 sed
1434 267 1477 301 ad
1500 276 1622 302 actum
1639 268 1789 303 rationis

226 334 300 357 non
322 322 443 357 statim
457 322 616 368 sequitur
631 330 749 356 actus:
765 332 839 355 non
855 321 952 356 enim
968 322 1027 367 qui
1041 321 1175 367 judicat
1190 321 1323 367 aliquid
1339 332 1416 355 esse
1431 320 1649 364 faciendum,
1667 323 1789 356 statim

225 375 313 410 illud
337 384 526 422 operatur3
550 387 636 421 ergo
658 375 835 422 imperare
856 386 930 408 non
953 383 1005 409 est
1027 382 1125 408 actus
1148 374 1308 416 rationis,
1331 374 1393 408 sed
1414 373 1622 409 voluntatis.

299 429 373 464 SED
401 440 556 464 CONTRA
585 436 647 470 est,
670 428 766 474 quod
791 428 989 474 Gregorius
1010 428 1196 474 Nyssenus
1212 428 1290 473 (val.
1311 428 1437 462 Names.
1457 428 1512 462 lib.
1526 428 1562 463 de
1585 429 1664 463 Nat.
1685 429 1789 463 Hom.

227 489 297 529 cap.
319 483 386 528 16.)
404 483 499 524 dicit,
523 490 557 516 et
579 482 687 516 etiarn
709 481 846 515 Philos.
864 483 904 525 (I.
920 482 1028 516 Ethic.
1044 486 1177 528 cap.13.
1194 481 1327 527 infin),
1349 481 1445 526 quod
1468 482 1643 528 appetitus
1666 481 1791 516 obedit

225 536 379 578 rationi3
402 548 488 582 ergo
511 536 660 570 rationis
684 543 736 569 est
757 536 945 581 imperare.

296 590 526 625 RESPONDEO
553 590 758 631 dicendum,
790 590 885 635 quod
916 590 1093 635 imperare
1125 597 1178 623 est
1205 596 1305 622 actus
1332 588 1493 631 rationis,
1514 590 1789 636 praesupposito

226 651 349 678 tamen
381 652 461 678 actu
492 643 699 677 voluntatis.
722 642 779 677 Ad
802 643 902 688 cujus
925 642 1145 676 evidentiam
1169 641 1474 676 considerandum
1496 650 1559 685 est,
1582 643 1679 689 quod
1706 643 1791 689 quia

226 705 326 731 actus
348 697 554 738 voluntatis,
578 704 612 730 et
633 696 781 730 rationis
804 707 910 741 supra
925 708 961 730 se
977 696 1136 730 invicem
1152 703 1302 741 possunt
1316 694 1410 738 ferri,
1424 704 1530 741 prout
1543 696 1682 731 scilicet
1698 696 1789 730 ratio

226 751 460 784 ratiocinatur
482 750 525 784 de
555 750 725 791 volendo,
749 757 783 783 et
803 749 970 783 voluntas
993 749 1069 783 vult
1090 748 1308 790 ratiocinari,
1331 749 1508 795 contingit
1527 758 1649 784 actum
1666 749 1792 784 volun-

226 804 306 838 tatis
328 804 531 850 praeveniri
552 804 594 837 ab
619 811 700 837 actu
722 803 882 844 rationis,
906 811 940 836 et
962 814 980 836 θ
1004 813 1193 836 converso.
1217 802 1261 836 Et
1287 802 1371 847 quia
1396 802 1507 837 virtus
1534 803 1662 849 prioris
1689 811 1790 838 actus

226 866 389 892 remanet
410 859 444 891 in
467 866 548 891 actu
570 857 745 903 sequenti,
769 857 946 901 contingit
967 856 1197 902 quandoque,
1220 855 1316 901 quod
1332 863 1385 889 est
1399 855 1526 902 aliquis
1549 864 1648 891 actus
1665 856 1792 891 volun-

225 912 318 953 tatis,
341 910 539 945 secundum
563 910 658 956 quod
682 918 805 944 manet
826 910 954 943 virtute
970 910 1005 942 in
1021 911 1098 955 ipso
1115 909 1249 955 aliquid
1264 909 1306 942 de
1323 916 1404 943 actu
1419 909 1580 952 rationis,
1602 918 1641 944 ut
1653 910 1791 944 dictum

227 973 280 1000 θεῖ
301 965 344 999 de
366 976 430 998 usu
455 964 500 1009 (q.
523 965 574 998 16.
597 969 660 998 art.
676 965 732 1008 1.),
757 971 791 997 θῖ
814 962 991 997 electione
1007 964 1051 1008 (q.
1067 975 1109 1009 13.
1126 968 1190 997 art.
1207 963 1265 1007 L),
1290 970 1355 996 ete
1379 973 1556 997 converso
1580 963 1708 1009 aliquis
1739 971 1792 997 est

227 1027 326 1052 actus
349 1018 509 1059 rationis,
532 1017 731 1051 secundum
756 1016 851 1062 quod
874 1016 1003 1050 virtute
1026 1024 1149 1050 manet
1170 1016 1206 1049 in
1229 1016 1307 1062 ipso
1335 1015 1470 1061 aliquid
1493 1016 1536 1050 de
1564 1024 1646 1050 actu
1666 1016 1793 1051 volun-

225 1072 317 1106 tatis.
340 1072 523 1117 Imperare
546 1079 667 1104 autem
686 1078 738 1103 est
760 1070 906 1115 quidem
926 1069 1161 1103 essentialiter
1184 1077 1283 1103 actus
1302 1069 1470 1103 rationis:
1493 1069 1674 1116 imperans
1694 1070 1791 1104 enim

227 1125 368 1159 ordinat
390 1136 485 1165 eum,
508 1124 565 1158 cui
586 1124 750 1168 imperat,
774 1123 819 1156 ad
841 1123 974 1169 aliquid
998 1123 1192 1168 agendum,
1215 1123 1429 1165 intimando,
1447 1122 1506 1157 vel
1525 1123 1790 1158 denuntiando:

225 1180 314 1213 sicut
337 1185 457 1212 autem
480 1177 645 1211 ordinare
664 1189 726 1223 per
741 1177 893 1210 modum
909 1177 1097 1221 cujusdam
1112 1176 1350 1211 intimationis
1366 1185 1418 1210 est
1432 1177 1600 1211 rationis:
1623 1177 1686 1211 sed
1699 1177 1791 1212 ratio

226 1240 344 1278 potest
373 1231 506 1277 aliquid
536 1231 714 1272 intimare,
744 1231 802 1265 vel
826 1231 1036 1264 denuntiare
1059 1231 1243 1276 dupliciter.
1270 1231 1342 1264 Uno
1365 1231 1460 1264 modo
1490 1229 1671 1273 absolute3
1699 1242 1791 1277 quae

226 1286 371 1331 quidem
385 1285 565 1319 intimatio
582 1286 790 1330 exprimitur
806 1295 868 1330 per
881 1284 1033 1318 verbum
1048 1284 1232 1318 indicativi
1248 1284 1366 1318 modi:
1391 1284 1483 1318 sicut
1496 1285 1525 1319 si
1539 1284 1668 1330 aliquis
1685 1284 1793 1318 alicui

225 1339 336 1374 dicat:
360 1340 439 1373 Hoc
464 1346 516 1373 θεῖ
536 1338 599 1372 tibi
620 1338 838 1372 faciendum.
862 1337 1052 1383 Aliquando
1076 1346 1198 1371 autem
1225 1338 1316 1371 ratio
1339 1337 1481 1371 intimat
1511 1337 1646 1383 aliquid
1673 1337 1791 1379 alicui,

226 1393 408 1427 movendo
430 1393 548 1438 ipsum
571 1393 615 1426 ad
636 1392 726 1426 hoc:
751 1400 784 1426 et
804 1391 885 1425 talis
907 1392 1087 1425 intimatio
1111 1392 1320 1437 exprimitur
1339 1403 1401 1438 per
1418 1392 1569 1426 verbum
1587 1392 1792 1438 imperativi

227 1447 345 1482 modi:
367 1454 463 1492 puta,
487 1458 569 1480 cum
593 1445 700 1480 alicui
722 1446 869 1480 dicitur:
893 1445 963 1479 Fac
986 1445 1070 1479 hoc.
1094 1445 1259 1479 Primum
1287 1453 1407 1479 autern
1435 1457 1588 1480 movens
1603 1447 1638 1479 in
1655 1445 1791 1480 viribus

226 1500 369 1534 animae
393 1501 436 1534 ad
459 1500 668 1534 exercitium
692 1507 792 1533 actus
819 1507 871 1533 est
896 1499 1077 1541 voluntas,
1100 1507 1138 1533 ut
1161 1511 1266 1545 supra
1288 1499 1424 1533 dictum
1452 1507 1504 1534 est
1519 1500 1564 1545 (q.
1588 1512 1620 1547 9.
1648 1505 1714 1534 art.
1736 1499 1790 1544 1.).

227 1554 323 1588 Cum
354 1565 439 1599 ergo
469 1553 668 1587 secundum
700 1564 852 1587 movens
882 1564 955 1586 non
986 1560 1134 1586 moveat
1163 1553 1231 1586 nisi
1251 1553 1289 1586 in
1309 1553 1440 1587 virtute
1470 1553 1577 1599 primi
1598 1554 1791 1596 moventis,

225 1609 394 1653 sequitur,
418 1607 513 1652 quod
534 1607 606 1640 hoc
628 1606 747 1652 ipsum
770 1606 866 1652 quod
889 1607 979 1640 ratio
1003 1614 1128 1640 movet
1149 1606 1375 1652 imperando,
1398 1607 1444 1641 sit
1465 1606 1499 1640 ei
1520 1618 1562 1641 ex
1583 1606 1714 1641 virtute
1731 1618 1792 1641 vo-

224 1661 387 1703 luntatis;
409 1661 501 1695 unde
525 1661 746 1706 relinquitur,
762 1660 857 1706 quod
873 1661 1051 1706 imperare
1068 1662 1111 1694 sit
1126 1667 1226 1694 actus
1241 1660 1402 1703 rationis,
1418 1660 1693 1706 praesupposito
1709 1668 1791 1695 actu

224 1715 432 1756 voluntatis,
455 1716 489 1748 in
513 1716 612 1760 cujus
635 1715 763 1748 virtute
786 1714 876 1748 ratio
899 1721 1023 1748 movet
1046 1725 1108 1759 per
1130 1713 1324 1759 imperium
1347 1714 1390 1748 ad
1414 1714 1624 1748 exercitium
1646 1722 1759 1748 actus.

295 1769 354 1803 AD
388 1779 535 1803 PmMUM
558 1780 643 1814 ergo
667 1768 873 1809 dicendum,
896 1767 992 1814 quod
1015 1767 1194 1813 imperare
1216 1778 1291 1801 non
1314 1775 1366 1801 est
1387 1778 1536 1802 movere
1559 1779 1791 1814 quocumque

223 1823 347 1864 modo,
359 1823 420 1856 sed
437 1834 519 1861 cum
534 1822 691 1868 quadam
707 1822 937 1855 intimatione
951 1821 1197 1855 denuntiativa
1209 1821 1252 1854 ad
1268 1820 1438 1855 alterum:
1451 1821 1548 1867 quod
1564 1829 1617 1855 est
1629 1821 1790 1855 rationis.

297 1876 355 1911 AD
368 1887 574 1911 SECUNDUM
586 1875 791 1917 dicendum,
802 1875 899 1921 quod
914 1875 1012 1908 radix
1027 1874 1199 1908 libertatis
1216 1882 1269 1909 est
1280 1874 1460 1917 voluntas,
1475 1875 1567 1909 sicut
1576 1875 1791 1920 subjectum3

224 1930 285 1964 sed
307 1930 398 1964 sicut
421 1941 540 1971 causa,
563 1938 615 1963 est
639 1930 748 1963 ratio:
773 1940 815 1962 ex
836 1929 908 1962 hoc
932 1929 1029 1962 enim
1043 1928 1212 1962 voluntas
1228 1928 1338 1962 libere
1353 1937 1472 1975 potest
1486 1929 1529 1962 ad
1545 1928 1686 1963 diversa
1696 1928 1791 1970 ferri,

225 1984 307 2029 quia
329 1984 419 2017 ratio
443 1991 560 2029 potest
581 1983 714 2016 habere
738 1983 896 2016 diversas
920 1982 1179 2028 conceptiones
1201 1982 1306 2017 boni:
1329 1982 1459 2016 etideo
1481 1982 1692 2029 philosophi
1710 1981 1793 2016 defi-

224 2038 326 2071 niunt
348 2037 501 2070 liberum
524 2037 720 2077 arbitrium,
743 2036 840 2082 quod
867 2044 920 2070 est
940 2035 1094 2070 liberum
1122 2036 1165 2070 de
1192 2036 1331 2070 ratione
1356 2036 1544 2082 judicium,
1571 2036 1674 2082 quasi
1699 2035 1790 2070 ratio

225 2091 269 2124 sit
291 2101 397 2124 causa
420 2090 604 2124 libertatis.

297 2145 355 2178 AD
379 2154 549 2178 TERT1UM
571 2143 776 2185 dicendum,
799 2143 895 2189 quod
918 2143 1008 2177 ratio
1031 2142 1093 2177 illa
1115 2142 1310 2185 concludit,
1332 2143 1428 2189 quod
1450 2143 1643 2190 imperium
1657 2154 1731 2177 non
1746 2143 1792 2177 sit

228 2205 327 2232 actus
346 2197 494 2231 rationis
510 2197 684 2239 absolute,
701 2197 762 2230 sed
779 2208 862 2230 cum
877 2197 1033 2242 quadam
1050 2197 1226 2239 motione,
1241 2205 1279 2232 ut
1293 2197 1429 2231 dictum
1445 2205 1498 2232 est
1513 2197 1564 2242 (in
1585 2203 1676 2244 corp.
1695 2198 1789 2242 art).

787 2338 1132 2382 ARTICULUS
1169 2339 1225 2382 H.
1744 2349 1789 2397 96

417 2446 570 2476 UTRUM
602 2446 813 2476 IMPERARE
841 2447 1084 2477 PERTINEAT
1113 2448 1171 2476 AD
1200 2447 1413 2478 ANIMALIA
1439 2447 1596 2477 BRUTA.

751 2535 866 2582 (Supr.
890 2547 920 2581 q.
944 2548 988 2571 11.
1011 2541 1074 2570 art.
1098 2548 1123 2571 Ι.
1147 2537 1267 2583 corp).

298 2624 357 2658 AD
385 2635 591 2659 SECUNDUM
619 2624 667 2658 sic
696 2624 912 2670 proceditur.
940 2624 1102 2666 Videtur,
1133 2625 1229 2671 quod
1258 2625 1435 2672 imperare
1462 2623 1656 2658 conveniat
1679 2622 1791 2658 brutis

227 2677 463 2720 animalibus3
483 2679 565 2724 quia
587 2678 786 2712 secundum
809 2679 911 2713 Avic.
935 2679 1045 2712 virtus
1072 2679 1254 2725 imperans
1281 2686 1424 2713 motum
1451 2686 1504 2712 est
1525 2677 1730 2724 appetitiva,
1757 2684 1792 2711 et

226 2732 336 2765 virtus
360 2743 538 2778 exequens
562 2740 702 2766 motum
727 2740 779 2766 est
801 2732 835 2765 in
863 2732 1047 2773 musculis,
1071 2740 1105 2766 et
1134 2733 1169 2766 in
1191 2733 1326 2774 nervis;
1350 2731 1411 2766 sed
1434 2739 1583 2778 utraque
1604 2730 1716 2764 virtus
1738 2738 1791 2764 cst

227 2785 262 2818 in
284 2785 394 2819 brutis
418 2785 649 2827 aniinalibus3
673 2797 759 2831 ergo
782 2786 973 2832 imperium
998 2786 1177 2819 invenitur
1199 2786 1233 2819 in
1256 2786 1368 2820 brutis
1391 2784 1616 2820 animalibus.

299 2848 329 2872 2.
352 2839 588 2874 PRAETEREA.
608 2839 663 2873 De
687 2839 826 2873 ratione
849 2840 941 2873 servi
964 2847 1026 2881 est,
1047 2839 1142 2885 quod
1167 2840 1197 2873 ei
1221 2840 1433 2886 imperetur:
1457 2839 1519 2873 sed
1541 2848 1672 2884 corpus
1693 2848 1792 2871 com-

228 2900 372 2938 paratur
394 2893 436 2927 ad
460 2893 632 2935 animam,
654 2893 746 2927 sicut
767 2905 890 2927 servus
913 2893 956 2927 ad
978 2893 1181 2934 dominum,
1203 2893 1296 2928 sicut
1314 2892 1400 2927 dicit
1425 2891 1672 2938 Philosophus
1694 2890 1731 2925 in
1761 2901 1788 2925 ι.
