1907 3198
504 191 726 230 Quas-rto
759 191 832 224 cn.
866 191 1113 223 sanemus
1147 192 1202 223 V1.
1554 184 1638 238 769

77 277 256 313 hminem:
275 284 310 311 et
323 275 513 323 exponitur
525 275 598 310 hoc
613 274 657 310 de
678 274 847 322 peccatis.
862 274 1021 310 Possunt
1041 282 1164 310 tamen
1180 274 1291 322 aliqui
1313 275 1381 310 cibi
1397 287 1458 322 per
1473 275 1642 310 accidens

77 329 265 378 inquinare
286 329 471 372 animam;
492 329 705 377 inquantum
727 327 864 363 scilicet
886 337 1012 364 contra
1030 328 1288 372 obedientiam,
1302 327 1360 363 vel
1373 337 1512 371 votum,
1525 328 1642 364 velex

76 383 191 419 nimia
223 382 516 430 concupiscentia
549 382 810 424 comeduntur3
836 381 892 417 vel
920 382 1133 429 inquantum
1160 383 1330 428 praebent
1363 381 1566 417 fomentum
1593 381 1643 416 lu-

77 437 216 480 xuriae3
242 444 387 484 propter
407 437 503 484 quod
526 436 635 483 aliqui
657 447 676 470 a
698 435 796 478 vino,
823 443 857 471 et
882 436 1048 471 carnibus
1076 436 1271 472 abstinent:
1299 436 1498 472 secundum
1521 445 1641 470 autem

77 490 285 539 corporalem
306 490 589 532 immunditiam,
611 500 703 536 quae
725 497 778 524 est
799 490 1040 536 corruptionis
1059 490 1259 535 cujusdam,
1274 490 1414 537 aliquae
1430 489 1643 525 animalium

78 555 205 580 carnes
225 543 494 579 immunditiam
516 543 669 585 habent;
696 542 753 578 vel
779 543 863 590 quia
890 555 931 578 ex
958 544 1062 578 rebus
1089 543 1286 578 immundis
1312 544 1526 585 nutriuntur,
1552 543 1645 578 sicut

78 608 229 646 porcus;
249 605 311 633 aut
331 597 542 632 immundae
565 604 844 639 conservantur3
866 597 957 632 sicut
978 597 1157 644 quaedam
1172 597 1343 632 animalia
1358 597 1422 632 sub
1436 605 1529 632 terra
1547 597 1645 631 habi-

77 651 203 695 tantia,
223 650 316 687 sicut
335 650 467 698 talpae,
488 659 524 686 et
544 661 678 693 mures,
699 658 734 685 et
755 649 826 685 alia
848 650 1074 696 hujusmodi3
1098 651 1191 686 unde
1213 651 1323 686 etiam
1349 651 1546 699 quemdam
1573 650 1645 686 soe-

78 712 196 740 torem
218 703 457 748 contrahunt;
478 703 536 739 vel
557 704 640 751 quia
662 715 789 739 eorum
811 715 938 740 carnes
961 715 1106 752 propter
1131 705 1351 752 superfluam
1378 705 1644 747 humiditatem,

78 757 136 794 vel
157 757 359 794 siccitatem
381 766 571 805 corruptos
592 758 766 792 humores
788 757 824 792 in
846 758 1058 805 corporibus
1079 759 1251 794 humanis
1277 768 1473 805 generant:
1501 768 1536 795 et
1561 759 1644 794 ideo

79 811 281 860 prohibitae
301 819 384 847 sunt
404 811 456 846 eis
474 822 600 846 carnes
621 811 837 846 animalium
859 811 1070 847 habentium
1092 812 1223 855 soleas,
1243 813 1336 848 idest
1362 812 1536 860 ungulam
1558 823 1645 848 con-

78 865 230 908 tinuam,
261 875 337 900 non
365 864 500 908 fissam,
534 873 681 912 propter
714 876 843 900 eorum
868 866 1180 901 terrestreitatem:
1215 875 1250 902 et
1281 866 1447 902 similiter
1478 875 1561 902 sunt
1594 866 1645 902 eis

77 918 279 968 prohibitae
299 929 426 954 carnes
447 918 658 954 animalium
677 918 888 954 habentium
910 919 1042 955 multas
1061 919 1205 956 fissuras
1219 920 1254 955 in
1269 921 1439 968 pedibus;
1458 921 1542 969 quia
1560 929 1645 956 sunt

78 971 187 1008 nimis
207 970 404 1015 cholerica,
424 979 460 1007 et
480 972 624 1015 adusta;
651 972 743 1008 sicut
769 984 895 1008 carnes
921 972 1050 1016 leonis,
1072 982 1107 1009 et
1132 974 1358 1020 hujusmodi:
1382 984 1418 1010 et
1438 975 1567 1010 eadem
1594 986 1646 1009 ra·

77 1025 178 1062 tione
198 1025 400 1073 prohibitae
420 1033 504 1061 sunt
523 1025 575 1061 eis
593 1037 678 1061 aves
695 1026 875 1073 quaedam
896 1037 1057 1074 rapaces,
1079 1039 1171 1074 quae
1193 1036 1275 1063 sunt
1296 1028 1431 1064 nimiae
1452 1028 1644 1064 siccitatis:

79 1086 115 1116 et
146 1079 326 1128 quaedam
352 1090 437 1115 aves
462 1079 662 1127 aquaticae,
688 1088 834 1127 propter
860 1091 1048 1116 excessum
1075 1081 1317 1118 humiditatis:
1344 1081 1510 1118 similiter
1535 1082 1646 1117 etiam

79 1133 227 1182 quidam
247 1133 364 1181 pisces
384 1143 459 1168 non
479 1133 654 1169 habentes
681 1133 860 1181 pinnulas,
886 1142 921 1169 et
946 1145 1169 1182 squammas,
1191 1144 1230 1171 ut
1251 1135 1445 1183 anguillae,
1467 1145 1502 1171 et
1526 1135 1647 1182 hujus-

79 1186 193 1230 modi,
213 1194 360 1235 proptet
379 1197 567 1222 excessum
588 1187 831 1222 humiditatis:
853 1196 936 1223 sunt
957 1196 1078 1224 autern
1105 1189 1157 1224 eis
1183 1200 1358 1224 concessa
1380 1189 1424 1224 ad
1447 1201 1550 1225 esum
1575 1189 1648 1224 ani-

81 1239 191 1276 malia
213 1239 446 1283 ruminantia,
460 1248 496 1276 et
509 1239 680 1275 findentia
702 1240 897 1287 ungulam3
919 1242 1002 1288 quia
1023 1241 1159 1277 habent
1175 1242 1350 1278 humores
1366 1243 1458 1278 bene
1473 1243 1647 1289 digestos,

80 1301 117 1330 et
135 1301 219 1330 sunt
239 1293 381 1329 mediae
405 1293 688 1341 complexionis;
710 1295 793 1341 quia
814 1306 880 1330 nec
903 1303 986 1330 sunt
1006 1295 1115 1330 nimis
1135 1296 1298 1339 humida,
1319 1297 1416 1344 quod
1443 1297 1648 1344 significant

81 1345 255 1395 ungulae;
275 1357 393 1394 neque
414 1355 497 1382 sunt
516 1346 625 1382 nimis
645 1348 839 1391 terrestria,
853 1359 937 1383 cum
952 1359 1025 1383 non
1048 1349 1205 1384 habeant
1224 1350 1398 1397 ungulam
1421 1351 1647 1393 continuam,

81 1399 144 1437 sed
164 1399 304 1436 fissam:
328 1399 365 1435 in
386 1400 543 1447 piscibus
564 1400 674 1435 etiam
695 1403 860 1436 concessi
878 1410 961 1437 sunt
978 1402 1028 1437 eis
1048 1403 1164 1450 pisces
1185 1404 1376 1447 sicciores;
1397 1405 1495 1451 quod
1517 1404 1648 1451 signifi-

83 1461 184 1491 catur
203 1464 268 1502 per
287 1453 360 1488 hoc
381 1454 478 1501 quod
499 1453 634 1489 habent
659 1465 881 1502 squammas,
908 1464 943 1491 et
969 1456 1154 1502 pinnulas3
1182 1469 1244 1504 per
1270 1458 1341 1493 hoc
1369 1459 1468 1494 enim
1495 1458 1648 1494 efficitur

79 1514 279 1556 temperata
299 1507 504 1556 complexio
529 1508 680 1543 humida
707 1509 879 1556 piscium:
901 1509 938 1544 in
960 1510 1085 1546 avibus
1119 1511 1229 1546 etiam
1255 1520 1338 1547 sunt
1370 1513 1420 1548 eis
1451 1524 1647 1548 concessae

82 1562 200 1609 magis
219 1569 462 1610 temperatae;
483 1561 576 1597 sicut
596 1561 765 1609 gallinae,
780 1563 954 1610 perdices,
969 1572 1004 1599 et
1018 1563 1109 1599 aliae
1127 1564 1357 1611 hujusmodi:
1379 1566 1447 1601 alia
1470 1567 1561 1602 ratio
1584 1566 1648 1602 fuit

81 1616 118 1651 in
135 1615 414 1652 detestationem
434 1614 683 1651 idololatriae:
704 1627 791 1651 nam
807 1616 982 1660 Gentiles,
1004 1626 1039 1653 et
1060 1618 1252 1666 praecipue
1267 1619 1438 1667 Aegypti,
1453 1620 1545 1656 inter
1557 1632 1648 1668 quos

80 1677 183 1706 erant
198 1669 334 1711 nutriti,
354 1669 564 1716 huiusmodi
586 1669 757 1704 animalia
779 1671 959 1717 prohibita
981 1671 1088 1707 idolis
1109 1671 1362 1716 immolabant,
1376 1673 1434 1709 vel
1450 1674 1501 1709 eis
1517 1675 1560 1709 ad
1577 1686 1649 1709 ma-

80 1722 199 1759 leficia
220 1723 428 1758 utebantur:
451 1722 622 1758 animalia
642 1734 742 1766 vcro,
765 1735 857 1770 quae
880 1724 1026 1770 Judaeis
1052 1734 1134 1760 sunt
1159 1737 1334 1762 concessa
1361 1728 1405 1763 ad
1432 1739 1547 1771 esum,
1574 1739 1648 1763 non

80 1777 341 1819 comedebam
362 1776 425 1812 sed
447 1787 490 1811 ea
507 1784 695 1824 tamquam
717 1777 818 1813 Deos
840 1777 1026 1815 colebant:
1048 1779 1107 1814 vel
1129 1788 1275 1827 propter
1297 1780 1406 1816 aliam
1429 1793 1577 1817 causam
1605 1782 1648 1817 ab

82 1831 134 1868 eis
160 1830 397 1873 abstinebant,
419 1837 457 1866 ut
477 1841 584 1878 supra
606 1830 742 1866 dictum
764 1840 818 1866 est
838 1832 922 1877 (art.
946 1844 972 1879 3.
1001 1833 1069 1879 huj.
1091 1845 1121 1880 q.
1140 1833 1183 1868 ad
1199 1834 1267 1879 2.),·
1291 1836 1386 1870 tertia
1413 1836 1504 1871 ratio
1527 1844 1580 1871 est
1607 1836 1650 1871 ad

82 1884 283 1922 tollendam
305 1884 458 1919 nimiam
479 1883 705 1931 diligentiam
728 1886 823 1920 circa
851 1885 1003 1928 cibaria;
1025 1895 1060 1921 et
1090 1887 1172 1922 ideo
1207 1888 1456 1924 conceduntur
1485 1889 1545 1925 illa
1580 1890 1652 1925 ani-

82 1938 205 1981 malia,
225 1948 318 1986 quae
338 1937 383 1973 de
403 1936 512 1980 facili,
527 1945 561 1973 et
577 1937 612 1972 in
631 1946 801 1984 promptu
819 1938 944 1974 haberi
966 1948 1134 1987 possunt:
1158 1941 1376 1987 generaliter
1389 1951 1512 1978 tamen
1531 1943 1650 1991 prohi-

81 1993 176 2029 bitus
196 1999 251 2028 est
271 1993 322 2027 eis
350 2002 433 2027 esus
461 1991 582 2027 omnis
603 1992 800 2037 sanguinis,
827 2001 862 2028 et
888 1993 1020 2040 adipsis
1049 1994 1240 2040 cujuslibet
1269 1995 1454 2032 animalis:
1482 1999 1651 2043 sanguinis

82 2045 244 2095 quidem,
257 2050 326 2081 tum
341 2044 385 2080 ad
399 2045 584 2080 vitandam
600 2045 865 2089 crudelitatem,
880 2055 917 2082 ut
935 2047 1196 2083 detestarentur
1214 2048 1416 2084 humanum
1435 2051 1649 2097 sanguinem

83 2099 279 2142 effundere,
300 2099 393 2134 sicut
412 2109 520 2146 supra
540 2098 678 2134 dictum
705 2107 758 2134 est
780 2099 860 2144 (art.
885 2112 910 2146 3.
939 2101 1007 2146 huj.
1029 2113 1060 2148 q.
1082 2101 1125 2136 ad
1145 2103 1215 2148 8.):
1238 2107 1306 2137 tum
1334 2103 1443 2139 etiam
1471 2105 1514 2139 ad
1541 2106 1651 2140 vitan-

83 2152 171 2189 dum
192 2151 421 2188 idololatriae
441 2152 568 2187 ritum:
596 2152 679 2199 quia
713 2163 840 2188 eorum
875 2154 1101 2189 consuetudo
1129 2164 1216 2198 erat,
1246 2165 1284 2191 ut
1313 2157 1407 2192 circa
1434 2158 1649 2204 sanguinem

84 2212 348 2253 congregatum
370 2205 613 2241 adunarentur
635 2206 677 2241 ad
701 2207 969 2242 comedendum
989 2208 1024 2242 in
1043 2208 1225 2244 honorem
1244 2209 1440 2254 idolorum,
1455 2213 1583 2259 quibus
1602 2225 1651 2248 re—

83 2259 256 2309 putabant
276 2259 491 2307 sanguinem
513 2259 806 2307 acceptissimum
833 2271 929 2304 essc;
957 2270 991 2297 ct
1017 2261 1099 2298 ideo
1126 2263 1308 2299 Dominus
1331 2265 1526 2308 mandavit,
1553 2267 1649 2313 quod

82 2314 215 2361 sanguis
226 2312 456 2361 effunderetur,
469 2320 505 2348 et
517 2313 615 2360 quod
633 2313 773 2361 pulvere
793 2315 991 2361 operiretur:
1006 2323 1041 2350 et
1055 2325 1200 2364 propter
1214 2317 1285 2352 hoc
1301 2318 1411 2353 etiam
1428 2320 1649 2366 prohibitum

84 2375 140 2404 est
159 2366 212 2403 eis
228 2365 422 2402 comedere
437 2366 607 2401 animalia
629 2366 817 2410 suffocata,
831 2367 889 2402 vel
906 2368 1148 2415 strangulata;
1170 2371 1254 2418 quia
1269 2372 1416 2418 sanguis
1432 2384 1559 2407 eorum
1576 2385 1649 2409 non

85 2427 273 2468 separatur
293 2429 314 2455 a
334 2430 461 2463 carne;
483 2419 541 2455 vel
563 2420 646 2467 quia
669 2420 703 2455 in
737 2420 798 2455 tali
830 2430 948 2457 morte
976 2423 1147 2458 animalia
1181 2424 1337 2459 multum
1369 2425 1595 2472 affliguntur3
1618 2435 1652 2462 et

87 2472 272 2509 Dominus
285 2472 401 2508 voluit
413 2484 478 2508 eos
492 2484 511 2508 a
526 2473 736 2509 crudelitate
759 2474 950 2521 prohibere
972 2476 1081 2511 etiam
1101 2477 1196 2512 circa
1216 2478 1386 2513 animalia
1406 2479 1518 2522 bruta,
1539 2489 1576 2515 ut
1591 2493 1652 2528 per

84 2526 156 2562 hoc
171 2526 288 2574 magis
302 2526 512 2562 recederent
526 2538 545 2562 a
560 2526 771 2563 crudelitate
785 2528 946 2564 hominis
964 2530 1138 2566 habentes
1157 2532 1367 2566 exercitium
1387 2533 1527 2579 pictatis
1542 2534 1651 2568 etiam

84 2579 181 2616 eirca
197 2579 348 2615 bestias:
370 2580 477 2628 adipis
498 2582 607 2616 etiam
629 2592 711 2616 esus
733 2582 933 2629 prohibitus
947 2592 1001 2619 est
1015 2585 1085 2619 eis:
1106 2591 1175 2620 tum
1195 2586 1277 2632 quia
1301 2586 1514 2622 idololatrae
1533 2599 1653 2622 come-

87 2633 194 2669 debat
219 2632 323 2669 inum
351 2633 387 2669 in
421 2634 602 2669 honorem
624 2634 786 2670 Deorum
810 2647 978 2671 suorum:
1002 2642 1070 2673 tum
1106 2639 1215 2673 etiam
1249 2640 1332 2686 quia
1367 2641 1595 2675 cremabatur
1617 2642 1650 2675 iu

86 2685 268 2723 honorem
289 2686 376 2722 Dei:
399 2692 467 2723 tum
490 2688 599 2722 etiam
622 2688 705 2735 quia
728 2689 885 2734 sanguis,
907 2698 943 2726 et
964 2691 1073 2738 adeps
1094 2703 1167 2726 non
1190 2701 1365 2735 generant
1387 2693 1523 2728 bonum
1546 2695 1653 2729 nutri-

86 2747 270 2776 mentum:
292 2741 389 2788 quod
408 2751 474 2789 pro
493 2752 601 2776 causa
621 2741 758 2777 inducit
772 2742 885 2778 Rabbi
901 2744 1047 2792 Moyses
1061 2746 1136 2790 (lib.
1150 2758 1175 2791 3.
1194 2747 1275 2780 Dux
1293 2748 1491 2789 errantium,
1507 2755 1578 2795 cap.
1594 2759 1651 2793 49.

85 2794 148 2831 cir.
164 2793 309 2842 princ.).·
331 2803 440 2830 causa
463 2803 584 2830 autem
606 2795 859 2843 prohibitionis
874 2798 950 2843 ejus
963 2809 1159 2833 nervorum
1182 2799 1394 2846 exprimitur
1409 2800 1501 2835 Gen.
1522 2811 1573 2847 32.
1593 2802 1650 2836 ubi

87 2845 229 2890 dicitur,
247 2846 346 2895 quod
368 2859 434 2883 non
460 2847 632 2884 comedunt
651 2849 713 2891 filii
735 2849 838 2885 Israe'l
863 2861 1015 2894 nemnem,
1038 2864 1073 2887 co
1095 2852 1180 2899 quod
1201 2854 1340 2898 tetigerit
1359 2866 1497 2889 nervum
1510 2854 1650 2901 januaris

83 2898 201 2946 Jacob,
222 2906 251 2937 ee
271 2901 482 2949 obstupuerit.
