1907 3182
253 191 338 234 430
675 190 892 225 QUAESTIO
924 189 1026 218 [ΧΠ.
1055 188 1298 218 ARTICULUS
1331 188 1374 217 11.

253 279 334 305 sunt
354 270 617 317 investigabilia
638 270 776 304 ratione
793 270 968 304 humana:
993 269 1054 303 sed
1073 268 1283 314 theologica
1301 268 1412 302 virtus
1431 275 1484 301 est
1501 267 1596 301 circa
1613 278 1667 310 ea,
1685 278 1808 301 secun-

253 324 339 358 dum
361 325 457 370 quod
478 324 658 358 rationem
680 324 878 357 humanam
901 323 1086 356 excedunt.

323 378 382 412 AD
401 388 571 412 TERTIUM
594 377 798 417 dicendum,
821 376 917 421 quod
944 375 1028 409 licet
1055 374 1213 408 charitas
1240 374 1284 408 sit
1310 385 1423 416 amor,
1445 385 1518 408 non
1540 381 1662 408 tamen
1689 373 1807 407 omnis

253 442 356 464 amor
377 439 430 465 est
451 431 617 472 charitas,
641 441 722 463 cum
746 440 832 474 ergo
855 428 993 471 dicitur,
1014 428 1109 474 quod
1133 429 1237 462 omnis
1253 428 1359 462 virtus
1377 432 1418 461 ast
1439 427 1518 461 ordo
1536 428 1673 469 amoris,
1691 434 1809 473 potest

252 484 404 530 intelligi
424 484 476 518 vel
497 484 539 517 de
562 494 686 517 amore
705 482 949 516 communiter
967 482 1075 523 dicto,
1091 481 1143 515 vel
1161 481 1204 515 de
1224 491 1348 514 amore
1363 480 1562 514 charitatis:
1582 480 1610 514 si
1626 480 1668 514 de
1684 491 1808 514 amore

253 537 495 572 communiter
515 537 624 578 dicto,
650 536 700 570 sic
728 536 856 569 dicitur
877 534 1057 581 quaelibet
1077 534 1188 568 virtus
1210 545 1288 568 esse
1314 533 1392 568 ordo
1420 535 1566 574 amor1'5‚·
1594 533 1808 579 inquantum

253 590 297 624 ad
319 590 516 637 quamlibet
537 589 772 624 cardinalium
793 588 966 622 virtutum
981 587 1172 634 requiritur
1191 587 1355 621 ordinata
1373 586 1535 621 affectio:
1555 586 1674 621 omnis
1688 594 1806 620 autern

253 643 452 678 affectionis
474 643 584 685 radix,
607 651 640 676 et
662 641 879 688 principium
903 649 956 675 est
978 652 1093 682 amor,
1116 649 1153 674 ut
1174 652 1281 686 supra
1303 640 1440 674 dictum
1463 648 1516 674 est
1537 640 1584 686 (q.
1607 651 1652 686 25.
1669 644 1732 674 art.
1747 640 1808 684 2.):

253 697 282 731 si
303 705 423 731 autem
444 696 664 741 intelligatur
694 696 737 730 de
766 706 891 729 amore
911 694 1107 735 charitatis,
1129 705 1204 728 non
1227 693 1330 727 datur
1351 704 1413 739 per
1433 693 1504 727 hoc
1526 692 1690 738 intelligi,
1712 692 1808 739 quod

253 751 431 797 quaelibet
453 751 522 784 alia
542 750 652 784 virtus
675 748 910 784 essentialiter
931 749 975 782 sit
998 748 1165 790 charitas,
1188 747 1249 782 sed
1272 748 1368 793 quod
1395 758 1523 782 omnes
1549 746 1640 781 aliae
1660 747 1809 781 virtutes

254 804 453 850 aliqualiter
474 815 493 837 a
516 803 688 837 charitate
711 802 946 849 dependeant,
969 809 1007 836 ut
1027 801 1118 835 infra
1140 801 1274 848 patebit
1295 801 1343 847 (q.
1367 800 1421 836 62.
1444 805 1508 836 art.
1530 811 1563 846 4.
1582 805 1612 835 et
1629 811 1693 835 2-2.
1712 811 1742 846 q.
1761 811 1808 846 23.

254 863 318 892 art.
341 869 370 904 7.
392 863 422 892 et
442 858 502 903 3.).

806 984 1150 1030 ARTICULUS
1179 985 1259 1027 111.
1745 1007 1810 1043 329

466 1095 620 1125 UTRUM
643 1094 981 1125 CONVENIENTER
1003 1093 1142 1132 FIDES,
1167 1093 1280 1132 SPES,
1305 1093 1361 1121 ET
1386 1092 1601 1122 CHARITAS

632 1159 870 1190 PONANTUR
890 1159 1105 1189 VIRTUTES
1128 1158 1460 1187 THEOLOGICAE.

525 1248 605 1292 (2-2.
628 1248 717 1282 Prol.
740 1252 770 1282 et
789 1259 819 1293 q.
842 1258 892 1292 17.
914 1251 976 1281 art.
1000 1246 1032 1281 6.
1052 1251 1080 1281 et
1097 1258 1125 1292 3.
1148 1246 1237 1280 Dist.
1260 1257 1307 1292 23.
1330 1257 1360 1291 q.
1382 1258 1409 1280 1.
1432 1250 1495 1280 art.
1513 1257 1542 1292 5.

254 1308 283 1338 et
297 1303 385 1338 Dist.
401 1303 456 1338 26.
477 1313 506 1348 q.
526 1314 556 1337 2.
576 1307 640 1336 art.
658 1314 684 1347 3.
701 1301 742 1335 ad
757 1313 784 1336 Ι.
799 1305 826 1335 et
847 1301 932 1335 Veri.
948 1312 978 1346 q.
996 1312 1024 1334 Ι.
1042 1305 1146 1346 art.5.
1162 1299 1204 1333 ad
1220 1311 1268 1334 12.
1283 1304 1314 1334 et
1327 1304 1390 1334 art.
1406 1311 1455 1334 12.
1472 1305 1563 1346 corp.
1577 1299 1640 1345 fin.
1659 1303 1690 1334 et
1701 1298 1745 1333 ad
1756 1311 1810 1335 10.

662 1360 692 1390 et
712 1367 737 1389 Ι.
763 1353 843 1388 Cor.
862 1366 890 1399 3.
912 1353 981 1388 lact.
1004 1365 1036 1390 2.
1055 1353 1112 1398 fin.
1135 1358 1164 1387 et
1184 1353 1253 1387 lect.
1275 1364 1308 1397 4.
1320 1353 1413 1398 fin)

326 1445 385 1479 AD
405 1455 576 1479 TERTHJM
603 1444 652 1479 sic
680 1443 896 1490 proceditur.
918 1442 1081 1484 Videtur,
1103 1442 1199 1488 quod
1224 1441 1522 1476 inconvenienter
1540 1448 1720 1487 ponantur
1739 1448 1810 1474 tres

256 1498 405 1532 virtutes
435 1497 678 1543 theologicae,
709 1496 806 1538 fides,
829 1507 920 1542 spes,
953 1504 987 1530 et
1017 1495 1189 1529 charitas:
1213 1495 1359 1529 virtutes
1393 1495 1490 1529 enim
1516 1493 1746 1539 theologicae
1773 1504 1811 1527 se

253 1551 388 1586 habent
408 1551 443 1584 in
467 1551 591 1585 ordine
614 1551 657 1584 ad
678 1550 936 1584 beatitudinem
959 1549 1129 1590 divinam,
1148 1549 1240 1582 sicut
1257 1547 1442 1582 inclinatio
1464 1556 1613 1582 naturae
1635 1547 1678 1581 ad
1701 1546 1810 1581 finem

255 1604 547 1639 connaturalem:
575 1604 637 1638 sed
664 1604 755 1637 inter
775 1603 923 1637 virtutes
950 1603 1131 1636 ordinatas
1159 1602 1202 1635 ad
1230 1601 1339 1635 finem
1367 1600 1641 1635 connaturalem
1666 1601 1812 1647 ponitur

254 1670 324 1692 una
345 1658 423 1693 sola
444 1658 554 1692 virtus
576 1657 758 1699 naturalis,
772 1656 909 1691 scilicet
927 1657 1101 1690 intsllactus
1118 1657 1387 1702 p1·incip1'0runz;
1411 1666 1499 1701 ergo
1514 1655 1619 1690 debet
1636 1654 1723 1702 poni
1740 1666 1810 1688 una

253 1712 331 1746 sola
352 1712 463 1746 virtus
485 1711 704 1756 theologica.

325 1776 355 1799 2.
385 1765 619 1799 PRAETEREA.
652 1763 904 1809 Theologicae
935 1763 1083 1797 virtutes
1114 1770 1196 1797 sunt
1229 1761 1460 1808 perfectiores
1489 1762 1678 1796 virtutibus
1712 1761 1813 1796 intel-

252 1818 475 1860 lectualibus,
498 1826 531 1852 et
554 1816 768 1851 moralibus:
793 1817 854 1851 sed
876 1817 969 1851 inter
989 1815 1253 1850 intellectuales
1279 1816 1428 1850 virtutes
1453 1816 1528 1859 fides
1553 1827 1627 1850 non
1654 1815 1810 1862 ponitur,

251 1873 313 1907 sed
336 1881 389 1907 est
410 1872 542 1918 aliquid
565 1871 683 1905 minus
705 1871 846 1912 virtute,
869 1882 953 1904 cum
982 1870 1027 1904 sit
1056 1869 1217 1915 cognitio
1247 1868 1478 1916 imperfecta:
1513 1868 1679 1904 similiter
1699 1870 1811 1904 etiam

251 1927 343 1960 inter
363 1926 510 1960 virtutes
533 1924 689 1959 morales
711 1935 784 1958 non
807 1924 951 1970 ponitur
976 1930 1056 1970 spes,
1085 1923 1146 1957 sed
1178 1931 1231 1957 est
1260 1922 1393 1969 aliquid
1415 1923 1534 1957 minus
1554 1923 1696 1965 virtute,
1726 1933 1811 1956 cum

252 1981 296 2014 sit
317 1981 454 2026 passio3
477 1990 563 2025 ergo
587 1977 701 2012 multo
724 1978 843 2012 minus
865 1978 996 2012 debent
1017 1977 1103 2024 poni
1123 1977 1272 2011 virtutes
1294 1976 1536 2023 theologicae.

326 2044 354 2079 3.
376 2033 610 2067 PRAETEREA.
632 2031 790 2065 Virtutes
811 2031 1041 2077 theologicae
1064 2030 1232 2064 ordinant
1253 2030 1416 2064 animam
1435 2030 1596 2064 hominis
1612 2029 1655 2064 ad
1669 2029 1810 2064 Deum:

252 2086 313 2121 sed
330 2086 372 2120 ad
387 2087 507 2120 Deum
521 2097 594 2119 non
610 2093 728 2131 potest
744 2086 863 2118 anima
878 2084 1038 2118 hominis
1054 2084 1211 2118 ordinari
1225 2083 1293 2118 nisi
1308 2095 1370 2130 per
1384 2083 1642 2118 intellectivam
1660 2091 1811 2130 partem,

253 2141 288 2174 in
310 2152 379 2186 qua
401 2147 452 2173 est
471 2138 682 2180 intellectus,
706 2146 739 2172 et
760 2137 947 2179 volunta53
975 2148 1062 2183 ergo
1089 2148 1163 2171 non
1191 2137 1321 2171 debent
1346 2148 1423 2171 esse
1449 2137 1518 2171 nisi
1544 2137 1635 2172 duae
1661 2137 1810 2171 virtutes

252 2193 504 2239 theologicae:
528 2203 608 2234 una,
623 2203 714 2237 quae
736 2191 897 2237 perficiat
913 2191 1162 2225 intellectum:
1186 2190 1267 2232 alia,
1282 2202 1373 2236 quae
1393 2190 1555 2237 perficiat
1571 2190 1810 2225 voluntatem.

324 2247 398 2281 SED
426 2256 579 2281 CONTRA
607 2253 670 2286 est,
691 2245 786 2291 quod
814 2244 1012 2291 Apostolus
1043 2244 1128 2278 dicit
1159 2255 1186 2278 1.
1204 2239 1254 2278 'ad
1278 2243 1444 2278 Corinth.
1472 2255 1543 2290 13.:
1574 2244 1672 2279 Nunc
1701 2249 1811 2279 antem

254 2305 386 2335 manant
398 2300 491 2346 fiel-ss,
513 2305 594 2346 spes,
618 2299 774 2340 charitas,
799 2300 864 2332 tritt
887 2298 974 2333 hacc.

323 2354 551 2388 Rflspoxmzo
573 2351 778 2393 dicendum,
800 2351 908 2397 quod,
931 2352 1023 2385 sicut
1044 2362 1149 2396 supra
1173 2351 1312 2385 dictum
1340 2359 1394 2386 est
1416 2351 1496 2395 (art.
1519 2363 1545 2387 1.
1571 2351 1640 2398 huj.
1662 2351 1724 2397 q),
1745 2351 1812 2385 vir-

251 2416 343 2442 tutes
365 2406 593 2451 theologicae
616 2405 685 2438 hoc
708 2405 819 2438 modo
847 2405 1014 2439 ordinant
1040 2404 1228 2438 hominem
1252 2405 1294 2438 ad
1317 2404 1579 2439 beatitudinem
1604 2413 1812 2451 supernatu-

251 2461 376 2502 ralem,
398 2461 489 2494 sicut
509 2470 571 2505 per
592 2458 792 2492 naturalem
816 2458 1090 2492 inclinationem
1113 2458 1300 2492 ordinatur
1321 2458 1436 2492 homo
1459 2458 1493 2492 in
1516 2457 1626 2492 finem
1645 2457 1711 2492 sibi
1729 2468 1813 2492 con-

251 2514 463 2549 naturalem.
495 2513 573 2546 Hoc
605 2520 724 2546 autem
753 2511 930 2555 contingit
957 2511 1157 2545 secundum
1184 2511 1270 2546 duo:
1297 2512 1410 2558 primo
1437 2511 1585 2557 quidem
1611 2511 1810 2546 secundum

251 2569 441 2609 rationem,
468 2565 524 2600 vel
552 2564 795 2606 intellectum,
823 2565 1036 2610 inquantum
1064 2565 1223 2598 continet
1250 2566 1365 2610 prima
1392 2564 1566 2611 principia
1593 2563 1807 2599 universalia

251 2622 396 2666 cognita
418 2620 520 2654 nobis
544 2630 605 2665 per
626 2618 786 2652 naturale
810 2618 930 2651 lumen
955 2617 1168 2659 intellectus,
1199 2630 1240 2652 cx
1271 2618 1397 2664 quibus
1425 2617 1588 2663 procedit
1614 2618 1705 2652 ratio
1732 2626 1806 2652 tam

250 2675 285 2709 in
308 2673 544 2721 speculandis,
566 2683 673 2718 quam
694 2672 727 2705 in
753 2672 916 2717 agendis:
938 2671 1074 2705 >ta-undo
1097 2683 1159 2717 per
1182 2671 1433 2705 rectitudinem
1451 2670 1648 2705 voluntatis
1669 2679 1808 2705 natura-

251 2728 330 2763 liter
351 2727 526 2762 tcndentis
548 2726 583 2760 in
603 2726 739 2760 bonum
762 2725 919 2758 rationis.
944 2725 1014 2758 Sed
1037 2724 1125 2758 lmcc
1150 2724 1221 2758 duo
1245 2724 1415 2758 deficiunt
1442 2724 1484 2758 ab
1512 2724 1638 2759 ordine
1664 2725 1812 2759 beatitu-

251 2782 342 2815 dinis
364 2779 652 2827 supernaturalis‚
675 2778 872 2813 secundum
897 2777 982 2811 illud
1016 2788 1041 2811 1.
1071 2778 1113 2811 ad
1141 2777 1307 2812 Corinth.
1342 2787 1392 2813 2.:
1418 2777 1541 2813 Oculus
1567 2789 1631 2812 non
1656 2777 1753 2820 vidit,
1780 2783 1810 2813 ct

252 2836 342 2869 auris
363 2847 426 2869 non
447 2834 589 2874 audivit,
612 2838 641 2868 ct
663 2834 694 2866 in
717 2844 774 2867 cor
795 2832 936 2865 hominis
958 2843 1020 2864 non
1043 2830 1196 2870 ascctnlit,
1224 2844 1305 2876 quae
1322 2832 1548 2878 praeparavit
1570 2831 1659 2866 Deus
1679 2830 1812 2877 diligen-

253 2889 335 2923 tibus
356 2900 405 2927 ειη·
430 2887 522 2922 unde
545 2886 714 2933 oportuit,
737 2885 833 2931 quod
856 2892 1030 2931 quantum
1054 2884 1095 2918 ad
1120 2892 1311 2930 utrumque
1335 2883 1467 2930 aliquid
1486 2883 1626 2919 homini
1645 2894 1810 2930 superna-
