1955 3182
253 211 307 253 50
677 207 897 243 QUAESTIO
931 206 991 236 ΙΙΙ.
1025 205 1270 236 ARTICULUS
1303 205 1392 235 VIII.

250 290 403 325 sentiam
426 301 566 324 causae.
598 289 636 324 Si
658 289 766 335 igitur
787 288 991 323 intellectus
1012 288 1193 322 humanus
1216 298 1443 334 cognoscens
1459 287 1652 321 essentiam
1667 286 1817 333 alicujus

254 344 402 378 effectus
432 343 541 377 creati
571 354 646 377 non
674 350 874 388 cognoscat
907 342 950 375 de
973 342 1067 384 Deo,
1096 342 1165 375 nisi
1188 353 1231 375 an
1258 348 1321 383 est,
1349 340 1512 375 nondum
1534 339 1708 387 perfectio
1742 341 1817 386 ejus

253 398 396 443 attingit
418 397 629 443 simpliciter
651 396 694 430 ad
715 407 862 430 causam
885 396 1052 441 primam,
1075 395 1136 429 sed
1158 402 1322 428 remanet
1343 394 1376 428 ei
1397 394 1514 428 adhuc
1536 393 1700 428 naturale
1728 393 1817 428 desi-

253 451 392 485 derium
414 450 617 496 inquirendi
640 461 806 491 causam,
825 449 920 483 unde
941 449 1105 483 nondum
1133 456 1185 482 est
1206 447 1362 494 perfecte
1388 448 1531 481 beatus:
1555 447 1599 481 ad
1620 446 1818 494 perfectam

251 505 360 550 igitur
379 504 638 538 beatitudinem
660 503 862 549 requiritur,
881 502 977 548 quod
1000 501 1202 536 intellectus
1221 502 1401 548 pertingat
1423 501 1465 534 ad
1486 501 1603 547 ipsam
1625 500 1818 535 essentiam

252 559 390 605 primae
419 569 558 592 causae.
587 557 630 591 Et
656 557 706 591 sic
734 556 995 603 perfectionem
1022 567 1127 590 suam
1154 555 1300 589 habebit
1326 566 1389 601 per
1415 554 1589 588 unionem
1616 555 1660 588 ad
1685 554 1818 596 Deum,

252 612 344 646 sicut
366 611 409 645 ad
429 612 623 657 objectum,
645 611 682 644 in
704 621 775 656 quo
803 609 882 644 solo
901 609 1084 643 beatitudo
1112 609 1272 643 hominis
1295 608 1468 650 consistit,
1496 615 1534 642 ut
1554 618 1661 654 supra
1682 607 1819 642 dictum

253 674 305 700 est
328 665 405 709 (art.
423 672 536 712 praec.
559 669 589 699 et
610 670 674 699 art.
697 677 724 699 r.
748 664 815 709 huj.
839 664 899 709 q.)-

323 719 383 753 AD
416 729 566 753 PRIMUM
601 729 687 764 ergo
723 718 927 759 dicendum,
962 717 1058 763 quod
1096 716 1295 763 Dionysius
1329 715 1489 763 loquitur
1527 716 1571 750 de
1609 715 1820 761 cognitione

254 783 392 814 eorum,
415 773 475 818 qui
497 780 579 810 sunt
599 772 635 805 in
656 772 726 813 via,
748 772 936 805 tendentes
959 771 1003 804 ad
1024 770 1298 804 beatitudinem.
1416 772 1418 774 ’

325 826 385 861 AD
405 836 613 860 SECUNDUM
647 825 853 866 dicendum,
875 824 1000 870 quod„
1014 824 1106 858 sicut
1127 835 1234 870 supra
1268 823 1405 857 dictum
1427 830 1481 857 est
1507 822 1586 867 (art.
1608 835 1636 857 r.
1658 823 1726 869 huj.
1749 823 1818 868 q.);

253 879 332 914 finis
353 887 471 926 potest
493 879 609 925 accipi
631 879 818 925 (Implicitas.
841 879 914 912 Uno
936 878 1044 920 modo,
1069 885 1245 923 quantum
1264 877 1308 911 ad
1329 888 1405 910 rem
1426 876 1554 922 ipsam,
1573 887 1665 922 quae
1687 876 1822 910 deside-

253 941 368 967 ratur:
398 941 432 967 et
457 933 528 967 hoc
556 933 667 966 modo
695 932 792 966 idem
815 939 867 966 est
892 931 972 965 finis
1000 939 1034 965 et
1060 931 1266 976 superioris,
1293 938 1328 964 et
1353 929 1532 964 inferioris
1557 938 1718 972 naturae,
1744 930 1820 964 imo

254 987 420 1021 omnium
442 998 573 1028 rerum,
596 994 633 1020 ut
648 997 754 1032 supra
770 985 906 1019 dictum
922 992 975 1018 est
991 984 1035 1030 (q.
1051 997 1077 1019 Ι.
1095 989 1157 1018 art.
1173 982 1238 1032 8.).
1255 985 1334 1019 Alio
1356 984 1473 1024 modo;
1490 991 1665 1030 quantum
1681 983 1724 1017 ad
1739 995 1823 1017 con-

254 1040 481 1074 secutionem
502 1040 608 1084 hujus
636 1039 704 1073 rei:
729 1047 762 1073 et
784 1039 833 1073 sic
858 1038 1018 1072 diversus
1042 1045 1095 1072 est
1115 1037 1195 1071 finis
1210 1038 1416 1084 superioris,
1431 1045 1466 1072 et
1480 1036 1658 1071 inferioris
1672 1045 1821 1071 naturae

254 1094 453 1128 secundum
476 1093 656 1126 diversam
676 1092 927 1126 habitudinem
943 1091 986 1126 ad
1008 1103 1085 1125 rem
1104 1091 1226 1126 talem.
1244 1091 1304 1126 Sic
1318 1092 1428 1138 igitur
1443 1091 1548 1126 altior
1567 1099 1620 1125 est
1635 1090 1821 1125 beatitudo

254 1147 323 1181 Dei
345 1159 449 1181 suam
473 1146 667 1181 essentiam
694 1145 879 1180 intellectu
907 1145 1261 1192 comprehendentis,
1288 1157 1399 1192 quam
1419 1144 1592 1188 hominis,
1619 1143 1678 1179 vel
1700 1143 1819 1191 angeli

254 1201 419 1243 videntis,
442 1209 477 1235 et
497 1212 572 1235 non
595 1199 949 1247 comprehendentis.

799 1454 1156 1516 QUAESTIO
1197 1454 1279 1501 lv.

469 1581 531 1612 DE
559 1581 651 1620 HIS,
682 1580 811 1620 QUAE
839 1580 904 1610 AD
930 1579 1295 1611 BEATITUDINEM
1321 1578 1617 1618 EXIGUNTUR,

689 1651 740 1683 IN
770 1651 892 1683 OCTO
918 1650 1182 1683 ARTICULOS
1209 1651 1385 1682 DIVISA.

326 1786 467 1821 Deinde
488 1785 794 1820 considerandum
817 1793 870 1820 est
892 1785 935 1820 de
956 1785 1024 1827 his,
1047 1795 1139 1832 quae
1162 1784 1354 1830 exiguntur
1375 1785 1418 1819 ad
1439 1783 1709 1819 beatitudinem.

758 1877 801 1911 Et
823 1877 914 1911 circa
933 1876 991 1910 hoc
1013 1880 1220 1922 quaeruntur
1241 1880 1323 1909 octo.

323 1949 458 1983 Primo.
483 1948 616 1983 Utrum
639 1947 830 1982 delectatio
855 1947 1054 1993 requiratur
1076 1947 1119 1981 ad
1141 1946 1412 1981 beatitudinem.

329 2003 510 2037 Secundo.
536 2002 635 2043 Quid
657 2003 701 2036 sit
723 2001 957 2048 principalius
972 2002 1008 2035 in
1024 2000 1258 2042 beatitudine,
1280 2008 1401 2034 utrum
1416 1998 1622 2042 delectatio,
1641 1999 1702 2034 vel
1720 1998 1824 2034 visio.

328 2056 466 2090 Tertio.
486 2056 618 2090 Utrum
641 2056 842 2102 requiratur
865 2055 1156 2101 comprehensio.

329 2110 482 2150 Quarto.
508 2110 637 2143 Utrum
661 2109 862 2155 requiratur
884 2109 1061 2143 rectitudo
1084 2107 1291 2142 voluntatis.

328 2163 479 2204 Quinto.
503 2163 635 2197 Utrum
657 2164 700 2197 ad
721 2163 981 2197 beatitudinem
1002 2162 1162 2197 hominis
1183 2162 1384 2209 requiratur
1410 2172 1554 2209 corpus.

327 2216 449 2251 Sexto.
473 2217 605 2251 Utrum
627 2216 799 2262 perfectio
824 2216 997 2262 corporis.

328 2270 503 2316 Septimo.
527 2270 658 2304 Utrum
682 2269 799 2316 aliqua
822 2270 998 2304 exteriora
1020 2269 1125 2303 bona.

331 2324 487 2359 Octavo.
512 2324 644 2358 Utrum
666 2323 866 2370 requiratur
887 2323 1042 2357 societas
1065 2323 1279 2357 amicorum.

840 2463 1185 2509 ARTICULUS
1220 2463 1252 2506 Ι.
1781 2485 1822 2521 25

415 2574 568 2604 UTRUM
602 2573 884 2603 DELECTATIO
919 2573 1199 2609 REQUIRATUR
1232 2573 1289 2602 AD
1325 2572 1674 2603 BEATITUDINEM.

294 2662 408 2709 (Supr.
421 2675 450 2708 ‹J-
463 2674 490 2708 3.
507 2666 570 2696 art.
585 2673 617 2706 4.
633 2668 722 2708 corp.
738 2666 767 2696 et
781 2673 811 2696 2.
831 2662 917 2696 Dist.
931 2662 980 2707 38.
1001 2666 1063 2695 art.
1079 2673 1110 2696 2.
1127 2667 1215 2707 corp.
1235 2666 1262 2695 et
1275 2672 1308 2705 4.
1326 2661 1415 2696 Dist.
1430 2673 1486 2708 49.
1503 2673 1532 2708 q.
1544 2673 1572 2708 3.
1588 2666 1652 2696 art.
1666 2671 1700 2706 4.
1715 2673 1744 2707 q.
1757 2673 1785 2707 3.

779 2720 808 2750 et
829 2722 938 2762 opusc.
961 2726 991 2750 2.
1015 2721 1085 2761 cap.
1109 2727 1181 2749 102.
1205 2714 1301 2761 165).

327 2804 386 2838 Ao
409 2814 556 2838 PR1MUM
579 2804 629 2838 sic
657 2803 874 2850 proceditur.
906 2803 1068 2846 Videtur,
1099 2803 1195 2849 quod
1230 2803 1423 2837 delectatio
1450 2814 1524 2837 non
1555 2803 1757 2850 requiratur
1779 2803 1823 2838 ad

257 2857 534 2892 beatitudinem:
557 2858 643 2891 dicit
664 2858 761 2891 enim
784 2857 936 2902 August.
961 2857 995 2890 in
1023 2868 1049 2890 1.
1074 2857 1116 2890 de
1142 2856 1270 2890 Trinit.
1301 2857 1388 2903 (cap.
1410 2858 1442 2892 S.
1465 2869 1484 2891 α
1508 2857 1604 2902 med.)
1628 2857 1725 2903 quod
1740 2858 1824 2892 visio

257 2916 298 2944 cst
321 2916 387 2945 lota
410 2923 528 2946 murres
541 2911 641 2957 fidei:
665 2911 726 2945 sed
749 2911 795 2952 id,
818 2911 914 2957 quod
937 2919 989 2944 cst
1016 2910 1230 2956 praemium,
1252 2910 1309 2944 vel
1332 2921 1471 2945 merces
1493 2910 1644 2951 virtutis,
1672 2918 1724 2944 est
1747 2910 1826 2944 bea-
