1875 3198
197 207 282 247 626
562 216 781 252 QUAESTIO
815 216 1007 246 LXXXVII.
1043 216 1288 246 ARTICULus
1321 216 1412 246 v111.

194 308 344 346 peccata
365 299 571 341 imitantur3
590 310 665 333 non
684 310 770 345 ergo
786 299 936 341 videtur,
951 298 1049 345 quod
1064 298 1127 332 filii
1142 310 1206 344 pro
1221 299 1380 345 peccatis
1394 298 1547 345 propriis
1561 298 1766 346 puniantur,

194 353 256 388 sed
279 365 344 400 pro
367 355 524 400 peccatis
547 362 747 398 parentum.

270 407 345 442 SED
361 417 516 442 CONTRA
529 415 592 448 est,
605 406 701 452 quod
714 406 843 440 dicitur
854 406 985 440 Ezech.
1001 406 1065 441 18.:
1077 406 1184 441 Filius
1194 407 1418 452 nonportabit
1430 407 1767 453 iniquitatempatris.

268 460 499 495 RESPONDEO
519 460 726 501 dicendum,
749 460 846 505 quod
866 460 894 493 si
913 459 1108 505 loquamur
1126 460 1170 494 de
1188 470 1307 506 poena
1325 459 1577 502 satisfactoria,
1599 470 1691 505 quae
1708 470 1770 494 vo-

196 513 349 548 luntarie
373 513 578 551 assumitur,
603 513 780 558 contingit
802 514 899 559 quod
922 524 1013 546 unus
1037 521 1156 559 portet
1183 524 1341 559 poenam
1369 512 1526 555 alterius,
1553 513 1769 559 inquantum

196 576 279 602 sunt
289 567 565 614 quodammodo
578 578 703 607 unum,
720 566 811 600 sicut
829 567 903 612 jam
919 566 1055 600 dictum
1069 575 1121 600 est
1142 566 1362 613 (arnprcwc.)
1373 579 1382 601 :
1395 566 1424 600 si
1439 574 1562 600 autem
1575 565 1770 612 loquamur

197 622 240 656 de
263 633 381 668 poena
404 632 469 667 pro
491 628 643 666 peccato
666 619 813 661 inflicta,
836 620 1051 666 inquantum
1073 620 1183 654 habet
1203 620 1385 654 rationem
1403 631 1556 665 poenae,
1578 620 1629 654 sic
1648 618 1770 654 solum

198 675 445 721 unusquisque
468 685 532 720 pro
555 681 708 720 peccato
737 685 803 708 suo
831 674 991 720 punitur:
1021 674 1104 719 quia
1133 681 1232 708 actus
1259 673 1401 720 peccati
1423 673 1555 720 aliquid
1578 672 1771 720 personale

197 737 266 764 est:
290 729 319 763 si
342 737 463 763 autem
486 728 680 773 loquamur
700 727 742 761 de
762 738 892 774 poena,
912 739 1004 773 quae
1032 727 1142 762 habet
1169 727 1348 761 rationem
1376 727 1590 767 medicinae,
1613 727 1663 761 sic
1687 738 1770 761 con-

197 783 303 828 tingit
326 782 422 828 quod
445 793 536 815 unus
559 781 704 827 punitur
725 792 790 827 pro
813 789 965 827 peccato
989 780 1145 815 alterius.
1167 781 1317 815 Dictum
1341 788 1393 815 est
1415 781 1512 814 enim
1532 781 1613 826 (art.
1626 781 1769 827 praec),

198 835 295 882 quod
311 835 528 869 detrimenta
547 833 795 881 corporalium
814 846 946 875 rerum,
966 834 1024 868 vel
1041 835 1149 868 etiarn
1168 835 1282 881 ipsius
1298 834 1472 881 corporis,
1492 842 1573 869 sunt
1591 834 1770 880 quaedam

196 889 369 937 poenales
388 888 592 923 medicinae
609 888 796 923 ordinatae
813 888 856 922 ad
872 887 1027 922 salutem
1044 888 1203 922 animae:
1220 888 1315 922 unde
1330 887 1421 922 nihil
1441 888 1620 934 prohibet,
1641 887 1772 922 talibus

197 943 323 990 poenis
347 942 503 988 aliquem
525 941 642 988 puniri
661 953 725 988 pro
745 950 897 988 peccato
918 941 1075 984 alterius,
1094 942 1153 976 vel
1173 954 1191 976 a
1210 942 1304 985 Deo,
1322 941 1381 976 vel
1400 942 1441 976 ab
1460 941 1628 976 homine:
1647 949 1772 988 utpote

199 998 293 1032 filios
305 1008 370 1043 pro
382 996 552 1043 patribus,
564 1003 599 1030 et
610 996 771 1030 subditos
783 1007 847 1042 pro
860 996 1030 1038 dominis,
1041 996 1257 1042 inquantum
1268 1003 1351 1030 sunt
1365 995 1545 1042 quaedam
1555 1007 1612 1030 res
1627 1006 1771 1030 eorum:

200 1051 248 1085 ita
263 1058 386 1084 tamen
406 1050 501 1096 quod
522 1049 551 1083 si
570 1049 675 1091 filius,
698 1049 756 1083 vel
774 1050 935 1084 subditus
953 1057 1005 1084 est
1023 1050 1202 1096 particeps
1223 1049 1362 1096 culpae,
1380 1049 1592 1096 hujusmodi
1609 1048 1774 1096 poenalis

199 1104 360 1139 defectus
382 1104 492 1138 habet
513 1103 694 1137 rationem
716 1115 857 1150 poenae
877 1111 1053 1150 quantum
1077 1103 1120 1137 ad
1139 1111 1345 1149 utrumque,
1367 1102 1507 1137 scilicet
1528 1114 1612 1138 eum
1631 1102 1693 1149 qui
1713 1113 1775 1148 pu-

196 1159 302 1200 nitur,
319 1166 353 1192 et
368 1169 451 1192 eum
467 1168 532 1204 pro
552 1168 624 1203 quo
640 1157 801 1203 punitur:
818 1157 847 1191 si
862 1169 948 1192 vero
964 1169 1039 1191 non
1054 1157 1098 1192 sit
1112 1157 1292 1204 particeps
1308 1156 1448 1203 culpae,
1465 1156 1576 1191 habet
1593 1156 1773 1191 rationem

197 1224 336 1260 poenae
357 1220 533 1258 quantum
549 1212 591 1246 ed
613 1223 708 1253 eum,
723 1223 788 1258 pro
805 1223 877 1258 quo
893 1211 1057 1258 punitur:
1075 1219 1252 1258 quantum
1269 1222 1357 1246 vero
1377 1211 1421 1245 ad
1441 1222 1526 1245 eum
1541 1211 1603 1257 qui
1616 1210 1773 1257 punitur,

197 1267 378 1301 rationem
406 1265 610 1300 medicinae
632 1273 794 1307 tantum3
816 1265 886 1299 nisi
912 1277 976 1312 per
1004 1265 1184 1307 accidens,
1211 1265 1427 1311 inquantum
1448 1272 1601 1311 peccato
1628 1264 1774 1299 alterius

200 1320 391 1362 consentit,
415 1319 601 1354 ordinatur
623 1319 720 1354 enim
744 1319 776 1353 ei
796 1320 838 1353 ad
853 1319 992 1354 bonum
1008 1319 1163 1362 animae,
1179 1319 1209 1353 si
1226 1321 1404 1366 patienter
1422 1319 1607 1354 sustineat.
1626 1319 1774 1353 Poenae

199 1386 286 1409 vero
310 1373 514 1420 spirituales
535 1384 610 1407 non
633 1381 715 1408 sunt
733 1373 989 1408 medicinales:
1010 1374 1093 1420 quia
1111 1373 1249 1408 bonum
1269 1373 1413 1408 animae
1431 1384 1506 1408 non
1525 1373 1711 1408 ordinatur
1730 1373 1774 1407 ad

199 1428 296 1463 aliud
324 1427 452 1462 melius
473 1427 631 1469 bonum3
651 1427 746 1461 unde
769 1427 805 1460 in
826 1427 931 1461 bonis
955 1427 1098 1461 animae
1120 1426 1241 1461 nullus
1263 1427 1396 1474 patitur
1417 1427 1674 1461 detrimentum
1697 1427 1774 1461 sine

201 1481 306 1529 culpa
328 1481 483 1528 propria.
507 1480 551 1514 Et
569 1489 716 1527 propter
738 1481 808 1515 hoc
833 1481 943 1515 etiam
965 1480 1095 1515 talibus
1118 1481 1258 1527 poenis,
1277 1489 1315 1515 ut
1337 1481 1421 1515 dicit
1443 1481 1597 1527 August.
1616 1480 1653 1514 in
1672 1480 1772 1527 epist.

199 1535 242 1570 ad
258 1535 409 1569 Avitum
428 1536 524 1580 (quae
543 1540 586 1569 est
604 1546 662 1580 75„
683 1546 748 1568 non
763 1534 804 1568 ad
819 1535 974 1578 Avitum,
993 1535 1045 1569 sed
1063 1534 1105 1569 ad
1123 1535 1333 1582 Auxilium),
1349 1546 1441 1569 unus
1459 1546 1534 1569 non
1549 1535 1694 1582 punitur
1708 1545 1774 1581 pro

199 1589 291 1624 alio:
308 1589 390 1635 quia
405 1596 581 1635 quantum
598 1589 640 1622 ad
656 1588 819 1622 animam
840 1588 934 1623 filius
952 1600 1027 1622 non
1042 1596 1095 1623 est
1113 1599 1168 1623 res
1187 1589 1308 1635 patris,
1328 1588 1423 1623 unde
1443 1596 1479 1623 et
1495 1588 1602 1635 hujus
1625 1599 1774 1623 causam

199 1643 382 1677 Dominus
410 1642 597 1688 assignans
620 1642 706 1675 dicit
727 1642 908 1676 Ezechiel.
936 1643 1005 1677 18.:
1031 1643 1153 1677 Omnes
1181 1644 1312 1677 animae
1338 1654 1428 1677 meae
1449 1647 1534 1677 sunt.

271 1697 330 1730 AD
365 1707 516 1730 PRIMUM
544 1707 630 1741 ergo
659 1695 866 1738 dicendum,
907 1696 1003 1742 quod
1031 1704 1225 1742 utrumque
1253 1696 1391 1730 dictum
1415 1696 1558 1730 videtur
1583 1706 1662 1731 esse
1688 1694 1776 1730 refe-

199 1750 352 1784 rendum
369 1750 411 1784 ad
435 1761 571 1796 poenas
592 1749 826 1796 temporales,
845 1750 903 1784 vel
927 1749 1156 1796 corporales,
1178 1750 1395 1796 inquantum
1414 1749 1478 1784 filii
1495 1757 1578 1784 sunt
1595 1749 1775 1796 quaedam

199 1816 254 1838 res
269 1811 473 1850 parentum,
497 1811 529 1838 et
552 1815 783 1837 successores
804 1804 1147 1849 praedecessorum:
1170 1803 1229 1838 vel
1251 1803 1279 1838 si
1301 1803 1474 1838 referatur
1489 1803 1533 1837 ad
1554 1815 1691 1850 poenas
1710 1802 1776 1850 spi-

198 1857 356 1900 rituales,
371 1858 443 1892 hoc
467 1858 596 1892 dicitur
618 1865 764 1904 propter
782 1857 1026 1892 imitationem
1050 1857 1201 1904 culpae;
1224 1857 1319 1892 unde
1341 1857 1377 1891 in
1399 1857 1512 1892 Exod.
1535 1857 1692 1892 additur:
1711 1857 1776 1892 His

198 1912 407 1958 qzu'odcrmzt
434 1924 502 1946 me:
532 1919 566 1946 et
587 1912 623 1945 in
646 1911 773 1945 Matth.
799 1921 853 1957 23.
878 1911 1024 1945 dicitur:
1048 1913 1092 1946 Et
1112 1923 1171 1946 vos
1194 1911 1322 1958 implete
1349 1922 1538 1946 mensuram
1555 1916 1696 1958 patrum
1722 1923 1777 1946 va-

197 1972 344 2001 strorum
359 1979 368 2000 .·
398 1966 483 2000 dicit
511 1973 632 1999 autem
655 1965 772 2010 puniri
787 1973 937 2011 peccata
959 1973 1103 2011 patrum
1118 1965 1153 1999 in
1176 1965 1269 2007 filiis,
1292 1965 1376 2011 quia
1396 1964 1460 1999 filii
1481 1965 1518 1999 in
1538 1965 1697 2012 peccatis
1719 1977 1777 2012 pa-

202 2029 344 2054 rentum
372 2019 496 2054 nutriti
523 2019 713 2066 proniores
741 2026 823 2053 sunt
851 2019 894 2052 ad
921 2019 1161 2065 peccandum,
1188 2027 1265 2053 tum
1293 2026 1440 2065 propter
1462 2019 1776 2062 consuetudinem,

199 2082 277 2108 tum
305 2074 415 2108 etiam
441 2081 587 2119 propter
615 2072 823 2118 exemplum
851 2081 1006 2119 patrum,
1043 2073 1145 2118 quasi
1181 2073 1435 2107 auctoritatem
1462 2080 1666 2119 sequentes,
1693 2080 1776 2107 sunt

200 2127 310 2162 etiam
333 2127 463 2173 majori
484 2138 603 2173 poena
626 2127 735 2172 digni,
754 2127 783 2161 si
804 2137 941 2173 poenas
960 2134 1103 2172 patrum
1122 2126 1286 2161 videntes
1305 2126 1461 2161 correcti
1477 2137 1553 2161 non
1571 2134 1671 2161 sunt:
1691 2126 1775 2161 ideo

200 2190 322 2217 autem
345 2182 496 2216 addidit:
518 2182 554 2215 In
577 2182 721 2222 tertium,
747 2186 774 2216 et
796 2186 951 2227 quartam
971 2182 1228 2228 gunmztfonsm,
1249 2181 1333 2228 quia
1346 2189 1488 2216 tantum
1508 2189 1776 2217 consueverunt

200 2236 369 2271 homines
390 2236 524 2277 vivere,
546 2244 584 2269 ut
605 2235 761 2278 tertiam,
785 2243 819 2269 et
846 2243 1011 2282 quartam
1035 2235 1311 2281 generationem
1332 2235 1496 2270 videant:
1521 2243 1555 2270 et
1576 2235 1626 2270 sic
1646 2243 1773 2270 mutuo

200 2290 322 2324 videre
345 2297 497 2336 possunt
523 2297 557 2323 et
579 2288 642 2322 filii
664 2296 814 2336 peccata
841 2297 1033 2335 parentum
1062 2288 1105 2323 ad
1132 2288 1362 2331 imitandum,
1382 2297 1417 2324 et
1441 2297 1560 2336 patres
1581 2300 1719 2336 poenas
1740 2288 1776 2323 fi-

200 2343 334 2378 liorum
358 2343 402 2377 ad
425 2342 633 2377 dolendum.

274 2397 334 2431 AD
349 2407 558 2431 SECUNDUM
573 2396 779 2438 dicendum,
795 2396 891 2442 quod
908 2407 1048 2442 poenae
1063 2396 1146 2431 illae
1162 2404 1245 2430 sunt
1263 2396 1484 2443 corporales,
1499 2404 1534 2431 et
1544 2395 1777 2444 temporales,

202 2462 291 2497 quas
305 2450 440 2496 justitia
454 2450 616 2484 humana
631 2449 691 2483 uni
704 2461 768 2496 pro
784 2458 936 2495 peccato
953 2449 1098 2484 alterius
1110 2450 1255 2497 infligit3
1272 2458 1306 2485 et
1316 2458 1399 2484 sunt
1412 2450 1573 2485 remedia
1584 2450 1777 2497 quaedam,

200 2504 259 2539 vel
282 2504 484 2539 medicinae
508 2511 633 2538 contra
658 2503 781 2550 culpas
798 2511 1000 2549 sequentes,
1016 2512 1053 2538 ut
1071 2504 1130 2538 vel
1148 2504 1214 2551 ipsi
1233 2504 1293 2550 qui
1308 2504 1515 2550 puniuntur,
1530 2503 1588 2538 vel
1603 2503 1662 2538 alii
1681 2503 1780 2538 cohi-

200 2559 352 2592 beantur
375 2569 393 2591 a
416 2557 593 2591 similibus
617 2556 740 2603 culpis.

274 2613 333 2647 An
357 2623 528 2647 T1211T1UM
553 2612 759 2653 dicendum,
784 2612 880 2657 quod
905 2612 1020 2657 magis
1043 2612 1211 2646 dicuntur
1236 2612 1295 2657 [al.
1319 2612 1448 2658 debent]
1472 2612 1590 2659 puniri
1611 2623 1677 2658 pro
1699 2624 1780 2659 pcc-

202 2667 290 2701 catis
314 2666 469 2701 aliorum
493 2666 697 2712 propinqui,
714 2677 823 2711 quam
845 2667 1021 2700 extranei:
1042 2675 1119 2700 tum
1140 2667 1222 2713 quia
1242 2678 1359 2712 poena
1382 2667 1670 2713 propinquorum
1693 2678 1780 2713 quo-

202 2720 403 2755 dammodo
427 2720 603 2754 redundat
625 2720 658 2753 in
689 2719 782 2761 illos,
811 2720 870 2765 qui
900 2728 1153 2765 peccaverunt,
1181 2728 1219 2754 ut
1246 2721 1383 2754 dictum
1410 2728 1465 2755 est
1488 2720 1537 2764 (in
1564 2726 1656 2767 corp.
1683 2721 1777 2766 (ΠΛ),

202 2775 416 2821 inquantum
433 2773 526 2807 filius
542 2781 594 2808 est
609 2773 788 2820 quaedam
804 2784 859 2807 res
872 2773 999 2818 patris:
1018 2782 1093 2807 tum
1111 2775 1219 2808 ctiam
1236 2774 1318 2820 quia
1335 2782 1369 2808 et
1384 2774 1585 2808 domestica
1600 2773 1777 2820 exempla,

203 2837 237 2862 et
260 2827 482 2861 domesticae
503 2838 642 2873 poenae
663 2827 778 2871 magis
798 2835 968 2867 movent3
985 2827 1078 2861 unde
1098 2827 1244 2873 quando
1264 2827 1392 2873 aliquis
1411 2827 1564 2862 nutritus
1579 2835 1632 2861 est
1646 2828 1680 2861 in
1700 2838 1779 2873 pec-

205 2881 293 2915 catis
317 2889 519 2927 parentum,
542 2881 795 2914 vehementius
818 2892 858 2914 eu
882 2880 1060 2925 sequitur3
1084 2889 1118 2914 et
1140 2881 1167 2914 si
1191 2892 1232 2914 ex
1255 2891 1382 2915 eorum
1405 2880 1533 2927 poenis
1554 2891 1629 2915 non
1651 2888 1704 2915 est
1721 2880 1779 2914 de—

203 2934 356 2976 territus,
380 2934 594 2968 obstinatior
615 2934 773 2969 videtur:
799 2933 892 2967 unde
916 2941 950 2968 et
973 2942 1026 2968 est
1055 2934 1184 2980 majori
1207 2945 1325 2980 poena
1348 2933 1489 2980 dignus.
