1875 3198
229 167 314 221 654
652 179 872 214 QUAESTIO
907 179 994 208 XCI.
1029 178 1274 209 ARTICULUS
1307 179 1362 208 IV.
1858 146 1875 236 l

228 267 370 305 oportet
389 259 485 305 quod
505 259 678 305 procedat
700 271 742 294 ex
764 259 941 306 aliquibus
962 260 1165 307 principiis:
1187 272 1253 294 nec
1278 259 1419 302 sufficit,
1442 259 1536 306 quod
1560 260 1733 305 procedat
1751 271 1793 294 ex

227 313 408 359 principiis
435 313 645 347 naturaliter
666 314 798 355 inditis,
822 325 912 359 quae
939 321 1022 348 sunt
1036 321 1229 360 praecepta
1250 313 1340 360 legis
1355 321 1515 356 naturae,
1537 321 1682 360 propter
1696 325 1794 360 prae-

226 366 320 400 dicta
345 368 393 411 (ill
417 373 505 413 corp.
529 367 632 412 art.).·
648 367 709 401 sed
733 375 886 412 oportet,
909 367 1005 413 quod
1025 368 1309 414 superaddantur
1323 367 1502 413 quaedam
1523 366 1593 401 alia
1607 367 1793 413 principia,

226 420 364 454 scilicet
389 428 580 466 praecepta
607 420 697 465 legis
720 421 873 454 divinae.

296 474 355 507 AD
383 484 554 508 TERTIUM
582 474 787 516 dicendum,
815 474 911 520 quod
940 482 1124 509 creaturae
1151 474 1376 508 irrationales
1406 485 1480 508 non
1512 474 1723 508 ordinantur
1749 473 1792 507 ad

225 526 391 561 altiorem
415 527 535 568 finem,
559 538 666 572 quam
682 527 726 561 sit
741 527 831 569 finis,
849 528 908 574 qui
924 536 977 562 est
991 528 1287 574 proportionatus
1302 527 1456 562 naturali
1469 527 1592 562 virtuti
1612 528 1770 574 ipsarum
1785 539 1793 569 ;

226 588 258 615 et
280 581 362 615 ideo
385 592 459 614 non
482 588 534 615 est
561 581 688 615 similis
710 581 814 615 ratio.

794 711 1140 757 ARTICULUS
1172 713 1226 756 V.
1721 723 1791 766 488

570 820 723 850 UTRUM
746 820 829 849 LEX
851 821 1004 850 DIVINA
1032 821 1099 850 SIT
1126 821 1215 852 UNA
1243 820 1440 851 TANTUM.

644 915 747 962 (Infr.
770 927 799 961 q.
824 927 895 961 107.
915 900 978 950 ar't.
993 928 1020 950 1.
1036 921 1065 950 et
1086 915 1161 951 Gal.
1178 927 1205 962 3.
1225 915 1295 951 lect.
1318 916 1378 962 2.).

295 1011 355 1045 AD
378 1021 557 1049 QUINTUM
586 1010 635 1044 sic
664 1011 880 1056 proceditur.
904 1011 1066 1054 Videtur,
1097 1011 1193 1058 quod
1221 1010 1279 1046 lex
1310 1011 1430 1045 divina
1457 1011 1502 1045 sit
1531 1022 1604 1045 una
1632 1018 1792 1045 tantum:

224 1064 328 1098 unius
352 1065 449 1098 enim
470 1065 565 1110 regis
579 1065 615 1098 in
630 1076 704 1098 uno
727 1076 841 1110 regno
863 1073 916 1099 est
937 1077 1008 1099 una
1030 1065 1105 1099 lex:
1129 1065 1191 1099 sed
1212 1073 1331 1099 totum
1349 1065 1553 1099 humanum
1568 1076 1682 1110 genus
1698 1076 1796 1099 corn-

223 1126 367 1164 paratur
390 1118 433 1152 ad
454 1118 588 1160 Deum,
611 1119 704 1153 sicut
726 1118 769 1152 ad
792 1130 904 1152 unum
924 1130 1060 1164 regem,
1080 1119 1281 1153 secundum
1308 1118 1396 1153 illud
1418 1118 1475 1153 Ps.
1497 1116 1572 1162 46.:
1596 1119 1665 1154 Rex
1690 1119 1795 1153 omnis

223 1177 328 1207 lei-rae
350 1173 462 1212 Dium
492 1183 579 1218 ergo
603 1180 656 1206 est
676 1183 747 1206 una
769 1180 910 1206 tantum
932 1172 990 1206 lex
1012 1173 1143 1206 divina.

295 1235 325 1260 2.
348 1225 585 1260 PRAETEREA.
606 1225 682 1260 Lex
705 1226 824 1260 omnis
847 1226 1034 1260 ordinatur
1056 1226 1099 1260 ad
1121 1226 1231 1260 finem
1255 1237 1363 1272 quem
1384 1225 1572 1272 legislator
1589 1225 1741 1260 intendit
1758 1226 1793 1260 in

223 1279 285 1321 eis,
308 1280 436 1325 quibus
458 1279 578 1325 legem
594 1279 680 1315 fert:
703 1281 765 1314 sed
784 1292 897 1314 unum
921 1288 955 1314 et
976 1280 1073 1314 idem
1097 1288 1160 1322 est,
1183 1281 1279 1326 quod
1294 1280 1393 1314 Deus
1408 1279 1561 1314 intendit
1574 1279 1610 1313 in
1626 1280 1795 1313 omnibus

222 1334 442 1376 hominibus,
460 1334 661 1367 secundum
675 1333 763 1367 illud
779 1334 917 1379 primae
934 1334 976 1367 ad
994 1332 1235 1368 Timotheum
1251 1343 1299 1367 2.:
1322 1333 1398 1368 Vult
1412 1345 1519 1368 omnes
1534 1333 1676 1368 homines
1688 1333 1795 1368 salvos

215 1388 307 1433 fieri,
331 1393 360 1422 et
379 1387 420 1421 ad
441 1389 643 1433 agnitionem
663 1389 814 1421 veritatis
839 1388 973 1427 {enirm
998 1398 1084 1432 ergo
1107 1398 1178 1421 una
1203 1394 1345 1421 tantum
1367 1395 1419 1421 θεῖ
1440 1386 1497 1420 lex
1519 1386 1651 1422 divina.

299 1452 326 1487 3.
349 1441 586 1475 PRAETEREA.
610 1441 684 1474 Lex
714 1441 835 1474 divina
862 1440 1098 1486 propinquior
1126 1452 1203 1474 esse
1230 1440 1370 1474 videtur
1396 1439 1468 1486 legi
1495 1448 1674 1482 aeternae,
1701 1451 1792 1486 quae

224 1502 277 1528 est
298 1506 380 1536 una,
404 1506 513 1540 quam
532 1494 589 1528 lex
607 1493 791 1536 naturalis,
812 1502 946 1540 quanto
967 1494 1073 1528 altior
1087 1502 1140 1528 est
1155 1493 1328 1528 revelatio
1344 1494 1491 1540 gratiae,
1506 1505 1616 1540 quarn
1632 1494 1794 1539 cognitio

222 1556 389 1582 naturae:
414 1548 475 1582 sed
498 1547 554 1582 lex
576 1547 748 1582 naturalis
771 1556 825 1582 est
843 1559 914 1581 una
933 1548 1098 1582 omnium
1120 1548 1332 1590 hominium
1356 1559 1443 1594 ergo
1462 1547 1578 1582 multo
1601 1547 1718 1594 magis
1737 1547 1794 1582 lex

223 1601 354 1635 divina.

294 1655 346 1689 SD
370 1665 524 1690 CONTRA
554 1662 618 1696 θεῖ,
647 1655 744 1701 quod
774 1654 975 1701 Apostolus
998 1654 1083 1688 dicit
1107 1654 1150 1688 ad
1177 1654 1286 1689 Hebr.
1310 1665 1360 1700 7.:
1396 1654 1572 1689 Translata
1599 1654 1792 1698 sacerdotio,

220 1721 339 1744 neccsse
360 1714 414 1752 est,
431 1715 467 1744 ut
481 1710 557 1754 legis
579 1709 750 1743 translatio
766 1709 845 1753 fiat:
869 1708 931 1743 sed
954 1708 1199 1743 sacerdotium
1222 1716 1274 1743 θεῖ
1292 1708 1421 1755 duplex,
1445 1715 1483 1742 ut
1499 1708 1634 1742 ibidem
1653 1708 1794 1750 dicitur,

221 1763 378 1798 scilicet:
397 1763 616 1798 sacerdotium
631 1763 831 1804 Leviticzcm,
853 1771 887 1797 et
907 1762 1124 1797 sacerdotnm
1141 1763 1288 1804 Chi-ish,-
1305 1773 1392 1808 ergo
1411 1762 1521 1796 etiam
1535 1761 1654 1809 duplex
1672 1770 1724 1796 est
1737 1761 1794 1796 lex

221 1817 353 1859 divina,
375 1816 531 1851 scilicet:
555 1817 605 1851 lex
623 1822 726 1859 vetus,
746 1825 781 1851 et
802 1817 853 1851 lex
873 1828 973 1851 nova.

292 1871 522 1906 RESPONDEO
547 1871 754 1912 dicendum,
777 1870 873 1916 quod
896 1871 987 1905 sicut
1005 1872 1041 1905 in
1068 1881 1096 1904 1.
1119 1870 1257 1904 dictum
1280 1878 1333 1904 est
1347 1870 1394 1916 (q.
1416 1882 1466 1916 30.
1490 1875 1554 1905 art.
1570 1881 1601 1905 2.
1621 1874 1650 1904 et
1663 1870 1722 1916 3.),
1745 1869 1793 1904 cli-

221 1925 364 1960 stinctio
387 1933 440 1959 θεῖ
462 1936 571 1958 causa
589 1925 750 1959 numeri:
778 1924 957 1971 dupliciter
980 1932 1101 1959 autem
1122 1924 1355 1959 inveniuntur
1377 1923 1497 1970 aliqua
1516 1923 1706 1970 distingui:
1728 1935 1792 1958 uno

221 1979 328 2021 modo,
349 1979 440 2013 sicut
462 1989 503 2013 ea
526 1990 618 2025 quae
642 1986 724 2012 sunt
746 1978 897 2012 omnino
917 1978 1037 2024 specie
1059 1978 1217 2019 diversa3
1240 1985 1278 2012 ut
1300 1989 1423 2024 equus,
1447 1985 1481 2011 et
1494 1977 1576 2012 bos:
1599 1978 1665 2012 alio
1684 1977 1791 2019 modo,

222 2033 312 2067 sicut
335 2032 547 2079 perfectum,
577 2040 611 2066 et
632 2031 886 2078 imperfectum
909 2032 945 2066 in
968 2032 1097 2066 eadem
1119 2032 1258 2078 specie;
1282 2032 1374 2066 sicut
1394 2042 1493 2078 puer,
1516 2039 1550 2066 et
1569 2031 1634 2065 vir.

293 2087 336 2121 Et
357 2087 428 2121 hoc
452 2086 565 2120 modo
588 2086 644 2120 lex
667 2086 788 2120 divina
811 2086 1041 2132 distinguitur
1054 2087 1089 2120 in
1111 2085 1233 2131 legem
1250 2093 1423 2127 veterem,
1439 2092 1474 2119 et
1494 2084 1616 2131 legem
1637 2096 1792 2128 novam;

221 2141 316 2175 unde
339 2140 540 2187 Apostolus
564 2140 606 2173 ad
632 2140 781 2174 Galatas
806 2151 834 2186 3.
859 2148 1048 2186 comparat
1069 2147 1198 2174 statum
1222 2139 1352 2174 veteris
1367 2139 1457 2185 legis
1478 2139 1586 2173 statui
1607 2140 1708 2186 pueri
1725 2139 1794 2173 exi-

221 2195 345 2229 stentis
368 2195 431 2228 sub
465 2194 702 2240 paedagogog
726 2201 858 2228 statum
886 2202 1004 2228 autem
1030 2205 1147 2228 novae
1174 2193 1264 2240 legis
1292 2201 1480 2240 comparat
1505 2193 1612 2227 statui
1632 2193 1699 2227 viri
1719 2204 1794 2240 per-

221 2247 317 2290 fecti,
341 2248 400 2294 qui
422 2248 495 2293 jam
519 2259 593 2281 non
617 2255 669 2281 est
691 2247 755 2281 sub
779 2248 1006 2293 paedagogo.

293 2301 499 2336 Attenditur
519 2309 638 2335 autem
663 2300 852 2346 perfectio,
875 2309 909 2335 et
931 2300 1158 2347 imperfectio
1180 2300 1270 2346 legis
1299 2300 1501 2335 secundum
1524 2301 1603 2342 tria,
1627 2311 1718 2346 quae
1747 2299 1791 2334 ad

221 2355 342 2401 legem
369 2355 559 2401 pertinent,
587 2362 625 2388 ut
651 2366 758 2401 supra
785 2355 921 2388 dictum
950 2362 1003 2389 est
1025 2354 1072 2401 (q.
1087 2361 1198 2401 praec.
1227 2359 1291 2389 art.
1314 2366 1344 2389 2.
1370 2366 1396 2401 3.
1417 2354 1527 2399 6154).
1550 2354 1666 2389 Primo
1695 2353 1790 2388 enim

222 2410 266 2443 ad
287 2409 408 2455 legem
431 2410 596 2455 pertinet,
612 2417 649 2442 ut
672 2409 856 2442 ordinetur
880 2408 921 2442 ad
937 2409 1075 2442 bonum
1098 2420 1306 2450 commune,
1322 2408 1414 2442 sicut
1432 2408 1475 2442 ad
1494 2407 1616 2450 finem,
1635 2415 1673 2442 ut
1686 2418 1791 2453 supra

221 2463 358 2497 dictum
378 2471 429 2497 est
450 2462 495 2509 (q.
510 2469 624 2509 prater.
642 2468 706 2497 art.
723 2462 783 2507 2.).
807 2462 917 2502 Quod
941 2462 1087 2508 quidem
1102 2471 1312 2508 potestesse
1334 2462 1464 2509 duplex,
1485 2461 1639 2496 scilicet:
1656 2462 1791 2496 bonum

221 2516 399 2558 sensibile,
424 2525 458 2550 et
478 2523 679 2550 terrenum:
704 2523 737 2549 et
760 2516 802 2550 ad
825 2516 899 2550 tale
921 2516 1058 2550 bonum
1090 2516 1279 2550 ordinabat
1309 2515 1443 2550 directe
1464 2514 1520 2549 lex
1546 2524 1667 2557 vetus;
1697 2514 1790 2549 unde

220 2572 340 2605 statim
362 2570 474 2604 Exod.
498 2582 525 2615 3.
546 2570 580 2603 in
599 2569 776 2615 principio
799 2569 889 2613 legis
912 2569 1082 2603 invitatur
1097 2569 1251 2615 populus
1268 2569 1310 2603 ad
1326 2580 1479 2615 regnum
1500 2577 1682 2604 terrenum
1698 2568 1791 2604 Cha·
1843 2573 1845 2575 '

220 2635 457 2658 nanaeorum.
482 2623 526 2657 Et
549 2624 678 2658 iterum
702 2624 838 2656 bonum
860 2623 1096 2667 intelligibile,
1120 2631 1153 2657 ct
1176 2622 1353 2657 coeleste:
1377 2631 1410 2656 et
1433 2622 1562 2657 adhoc
1579 2623 1721 2657 ordinat
1734 2622 1791 2657 lex

221 2689 328 2719 nova,
352 2677 445 2711 unde
469 2677 589 2711 statim
614 2677 781 2711 Christus
805 2677 846 2709 ad
871 2688 1024 2721 regnum
1048 2676 1238 2711 coelorum
1258 2677 1294 2710 in
1309 2687 1394 2710 suae
1409 2676 1686 2722 praedicationis
1700 2675 1790 2722 prin-

222 2732 315 2777 cipio
331 2731 494 2765 invitavit
508 2731 647 2765 dicens:
664 2731 903 2765 Poenilmtiam
924 2732 1020 2775 agile,
1041 2731 1328 2777 appropinquavit
1346 2731 1431 2765 enim
1450 2741 1587 2776 regnum
1613 2730 1787 2770 coelorum,

221 2785 395 2819 Matthaei
417 2795 470 2827 4.;
494 2792 528 2818 et
549 2784 630 2818 ideo
662 2784 815 2829 August.
839 2784 923 2818 dicit
947 2784 981 2817 in
1004 2794 1035 2826 4.
1060 2791 1185 2818 contra
1217 2784 1390 2818 Faustum
1420 2783 1509 2830 (cap.
1531 2795 1563 2818 2.
1593 2784 1629 2817 in
1644 2783 1787 2830 priua),

221 2839 318 2884 quod
339 2838 596 2884 temporalium
618 2849 738 2872 rerum
762 2837 1022 2884 promissiones
1045 2838 1080 2871 in
1102 2845 1320 2872 testamento
1342 2837 1456 2872 veteri
1479 2837 1727 2877 continentur3
1754 2842 1789 2870 et

222 2892 303 2926 ideo
326 2900 426 2927 vetus
451 2891 669 2938 appellatur:
692 2891 754 2926 sed
778 2899 943 2925 aeternae
962 2891 1055 2925 vitae
1079 2891 1272 2937 promissio
1296 2890 1339 2926 ad
1361 2901 1498 2925 novum
1517 2889 1669 2937 pertinet
1686 2896 1788 2924 testa-
