1907 3198
488 134 712 170 QUAESTIO
745 136 897 168 XXVIII.
931 139 1179 171 ARTICULUS
1212 142 1256 173 11.
1571 147 1656 191 217

80 213 154 258 ejus
177 213 272 260 apud
292 215 548 260 praesentiam,
569 217 628 252 vel
649 218 686 253 in
709 219 870 254 absentia
888 233 953 267 per
971 221 1192 258 desiderium
1214 225 1339 260 tendat
1358 226 1396 261 in
1417 227 1537 274 ipsum
1560 240 1657 263 ama-

75 274 153 300 tum
171 277 234 313 per
255 279 422 303 amorem
444 273 739 318 concupiscentiae,
762 273 821 308 vel
843 274 880 308 in
903 275 1010 318 bona,
1033 288 1126 323 quae
1147 278 1224 312 vult
1247 288 1382 323 amato,
1404 292 1467 328 per
1489 293 1655 317 amorem

78 319 138 365 [al.
160 325 273 356 amato
295 324 375 368 ejus,
398 331 433 357 et
454 323 497 358 al.
521 331 633 360 amato
648 333 712 373 per
729 330 797 374 ejus
814 330 978 375 amorem]
998 332 1189 366 amicitiae:
1212 344 1286 367 non
1305 334 1453 380 quidem
1473 347 1515 370 ex
1535 336 1654 383 aliqua

75 373 275 410 extrinseca
297 387 416 419 causa,
432 377 524 412 sicut
543 390 626 414 cum
646 380 774 427 aliquis
791 382 971 418 desiderat
992 384 1127 431 aliquid
1146 395 1293 433 propter
1311 387 1477 432 alterum,
1492 390 1551 424 vel
1569 402 1654 424 cum

73 426 201 474 aliquis
226 428 304 464 vult
323 429 462 465 bonum
484 431 586 467 alteri
607 443 755 481 propter
777 435 910 482 aliquid
934 437 1051 481 aliud;
1079 439 1140 473 sed
1169 449 1316 487 propter
1343 443 1653 490 complacentiam

73 481 184 516 amati
204 482 354 518 interius
375 485 592 530 radicatam3
621 489 715 523 unde
743 498 778 524 et
804 501 910 525 amor
935 491 1066 526 dicitur
1092 495 1241 538 intimus,
1269 504 1304 530 et
1330 496 1499 531 dicuntur
1524 500 1654 534 viscera

71 535 254 572 charitatis.
277 536 304 572 E
327 549 506 574 converso
530 550 652 576 autem
675 555 803 579 amans
825 553 879 580 est
896 545 933 580 in
953 555 1089 589 amato,
1108 547 1206 583 aliter
1224 550 1374 595 quidem
1395 562 1459 598 per
1481 563 1650 588 amorem

70 591 362 637 concupiscentiae,
378 592 477 628 aliter
497 605 561 640 per
583 607 750 631 amorem
765 600 934 635 amicitiae
949 613 959 635 .·
983 612 1087 635 amor
1101 613 1261 649 namque
1276 607 1559 652 concupiscentiae
1576 618 1652 642 non

69 643 264 690 requiescit
283 645 320 679 in
341 657 572 694 quacumque
595 651 808 695 extrinseca,
832 662 894 688 aut
914 654 1135 701 superficiali
1163 657 1369 704 adeptione,
1395 659 1455 694 vel
1479 660 1651 696 fruitione

69 698 198 742 amati;
216 699 279 734 sed
297 701 438 747 quaerit
457 711 620 738 amatum
639 704 797 751 perfecte
817 707 964 751 habere,
979 710 1081 756 quasi
1097 710 1141 745 ad
1155 711 1284 746 intima
1299 712 1395 748 illius
1415 715 1651 761 perveniens:
1705 719 1712 724 “

67 750 105 786 in
126 763 253 788 amore
278 765 366 789 vero
393 757 563 792 amicitiae
590 769 716 794 amans
745 769 798 795 est
824 761 860 796 in
889 771 1024 806 amato,
1047 763 1262 811 inquantum
1290 775 1432 813 reputat
1457 768 1566 812 bona,
1592 769 1650 804 vel

68 805 165 840 mala
187 806 308 851 amici,
329 808 423 844 sicut
442 821 518 854 sua,
540 820 576 846 et
595 812 825 850 voluntatem
848 817 968 859 amici,
987 817 1081 852 sicut
1102 830 1228 863 suam;
1251 829 1289 855 ut
1311 822 1414 868 quasi
1431 822 1508 869 ipse
1526 823 1562 858 in
1581 835 1648 858 suo

67 859 188 895 amico
209 861 373 898 videatur
392 863 501 907 bona,
522 865 582 900 vel
605 867 701 901 mala
728 869 812 915 pati,
837 878 871 904 et
894 870 1012 915 affici;
1040 880 1075 907 et
1100 882 1249 920 propter
1274 875 1347 910 hoc
1375 877 1564 924 proprium
1594 886 1648 913 est

66 915 271 952 amicorum
291 917 404 954 eadem
423 919 517 962 velle,
536 926 567 956 et
584 922 619 956 in
640 921 750 958 eodem
769 926 910 968 tristari,
933 931 962 960 et
980 926 1135 973 gaudere,
1157 929 1359 964 secundum
1377 929 1647 978 Philosophum

63 968 100 1004 in
121 980 154 1018 9.
177 969 295 1006 Ethic.
319 971 408 1020 (cap.
424 985 453 1020 3.
475 986 496 1008 a
517 974 620 1020 med.)
635 984 670 1010 et
687 976 724 1011 in
747 987 778 1012 2.
802 978 953 1014 Rhetor.
975 980 1063 1028 (cap.
1082 993 1115 1026 4.
1135 983 1170 1016 in
1183 984 1327 1029 princ),
1350 992 1389 1018 ut
1410 984 1474 1027 sic,
1496 985 1647 1032 inquan-

40 1064 43 1066 ,
62 1030 141 1058 turn
162 1035 256 1071 quae
276 1034 361 1062 sunt
380 1027 492 1062 amici
513 1029 682 1065 aestimat
696 1042 772 1074 sua,
789 1043 916 1068 amans
937 1034 1102 1070 videatur
1124 1047 1202 1071 esse
1220 1037 1258 1071 in
1277 1047 1412 1081 amato,
1427 1040 1530 1086 quasi
1548 1040 1646 1075 idem

61 1075 178 1113 factus
199 1088 341 1115 amato:
369 1080 587 1129 inquantum
614 1093 738 1120 autem
765 1097 784 1120 e
812 1098 991 1123 converso
1018 1089 1107 1132 vult,
1135 1099 1169 1125 et
1196 1092 1271 1137 agit
1298 1101 1444 1139 propter
1470 1094 1644 1138 amicum,

38 1172 41 1174 .
60 1130 154 1167 sicut
173 1141 322 1180 propter
341 1135 514 1183 seipsum,
536 1138 639 1184 quasi
660 1148 832 1186 reputans
860 1143 1021 1177 amicum
1043 1143 1141 1178 idem
1163 1145 1242 1188 sibi,
1270 1146 1320 1181 sic
1349 1155 1514 1182 amatum
1536 1157 1590 1184 est
1607 1149 1644 1184 in

39 1226 41 1229 ¹
60 1194 217 1222 amante.
239 1187 366 1224 Potest
387 1198 508 1225 autern
531 1199 566 1226 et
586 1194 684 1228 tertio
706 1194 820 1229 modo
842 1204 969 1231 mutua
990 1197 1158 1233 inhaesio
1181 1199 1337 1246 intelligi
1356 1201 1392 1235 in
1412 1214 1539 1237 amore
1561 1205 1644 1238 ami-

59 1240 169 1284 citiae,
191 1242 393 1278 secundum
418 1244 518 1279 viam
544 1245 818 1291 redamationis‚
844 1249 1062 1296 inquantum
1090 1260 1218 1288 mutuo
1245 1265 1284 1288 se
1311 1264 1436 1290 amant
1460 1257 1582 1300 amici,
1609 1266 1644 1293 et

38 1289 126 1329 'sibi
145 1295 306 1331 invicem
327 1297 425 1332 bona
447 1298 588 1342 volunt,
611 1308 645 1335 et
667 1311 874 1348 operantur.

37 1342 43 1348 ’
128 1348 190 1385 AD
210 1360 363 1386 PRIMUM
384 1363 472 1399 ergo
494 1352 702 1398 dicendum,
725 1356 823 1403 quod
845 1366 1010 1393 amatum
1034 1359 1241 1395 continetur
1259 1362 1295 1396 in
1311 1372 1469 1407 amante,
1489 1365 1639 1412 inquan-

56 1409 136 1438 tum
153 1411 208 1439 est
224 1403 444 1452 impressum
461 1406 498 1441 in
517 1407 650 1443 affectu
665 1410 741 1456 ejus
763 1422 828 1457 per
845 1413 1044 1458 quamdam
1067 1414 1395 1462 complacentiam:
1419 1429 1438 1453 e
1458 1430 1638 1456 converso

55 1467 146 1492 vero
172 1469 300 1494 amans
327 1460 534 1496 continetur
559 1462 596 1496 in
625 1472 761 1507 amato,
788 1465 1006 1512 inquantum
1033 1480 1159 1504 amans
1187 1470 1348 1517 sequitur
1374 1472 1497 1519 aliquo
1525 1476 1638 1510 modo

54 1509 156 1555 illud,
174 1512 273 1559 quod
291 1522 345 1549 est
361 1513 533 1550 intimum
553 1518 684 1561 amati;
705 1519 798 1554 nihil
812 1520 910 1555 enim
926 1522 1106 1568 prohibet,
1122 1523 1266 1559 diverso
1283 1526 1395 1561 modo
1411 1538 1488 1562 esse
1503 1527 1640 1576 aliquid

54 1565 258 1611 continens,
279 1576 316 1602 et
336 1577 566 1605 contentum:
589 1571 682 1607 sicut
703 1584 819 1620 genus
842 1576 1050 1611 continetur
1071 1577 1107 1611 in
1127 1578 1263 1624 specie,
1287 1588 1322 1615 et
1344 1592 1362 1615 e
1385 1592 1576 1617 converso.

125 1619 187 1656 AD
209 1632 418 1659 SECUNDUM
444 1624 653 1668 dicendum,
681 1628 780 1673 quod
806 1629 957 1665 rationis
985 1631 1226 1678 apprehensio
1254 1636 1438 1680 praecedit
1464 1636 1635 1673 affectum

54 1674 209 1718 amoris;
230 1684 267 1711 et
285 1676 370 1712 ideo
391 1677 486 1713 sicut
506 1679 598 1714 ratio
621 1680 805 1727 disquirit3
827 1683 875 1718 ita
899 1684 1050 1720 affectus
1067 1687 1202 1722 amoris
1218 1689 1395 1725 subintrat
1408 1691 1444 1725 in
1460 1700 1636 1736 amatum,

53 1735 92 1763 ut
112 1739 156 1764 ex
176 1729 282 1766 dictis
301 1739 401 1778 patet
422 1732 474 1777 (in
494 1740 584 1781 corp.
607 1736 700 1780 art.).

123 1783 186 1819 AD
213 1794 386 1821 TERTmM
407 1786 616 1831 dicendum,
638 1789 736 1836 quod
762 1789 825 1825 illa
852 1792 944 1827 ratio
966 1794 1133 1840 procedit
1159 1795 1203 1831 de
1230 1799 1325 1833 tert1’0
1347 1800 1460 1836 modo
1486 1810 1635 1837 mutuae

50 1836 287 1883 inhaesionis,
308 1840 370 1888 qui
390 1852 466 1877 non
486 1842 669 1878 invenitur
689 1844 726 1879 in
749 1845 913 1892 quolibet
934 1859 1072 1884 amore.

607 2005 957 2053 ARTICULUS
992 2010 1072 2054 III.
1566 2029 1631 2066 160

376 2124 533 2156 UTRUM
558 2127 742 2158 EXTASIS
769 2129 838 2164 SIT
865 2131 1089 2163 EFFEcTus
1117 2133 1294 2166 Anionis.

318 2225 402 2272 (2·2.
428 2238 459 2274 q.
481 2239 547 2275 175.
575 2234 639 2264 art.
667 2241 699 2265 2.
722 2235 750 2265 et
771 2243 800 2278 3.
828 2232 917 2268 Dist.
940 2245 993 2280 27.
1013 2246 1043 2281 q.
1067 2247 1094 2270 Ι.
1123 2241 1187 2271 art.
1215 2249 1242 2273 ι.
1263 2237 1306 2272 ad
1325 2250 1359 2284 4.

453 2287 484 2317 et
512 2283 599 2318 Veri.
622 2295 652 2330 q.
667 2296 711 2331 13.
726 2290 791 2320 art.
806 2297 837 2321 2.
853 2286 896 2321 ad
910 2299 942 2334 9.
958 2293 986 2323 et
998 2301 1026 2324 1.
1049 2289 1127 2326 Cor.
1142 2291 1224 2337 12.)-

116 2378 177 2415 An
196 2390 369 2418 TERTmM
391 2383 441 2419 sic
460 2385 677 2431 proceditur.
697 2386 860 2432 Videtur,
883 2390 980 2437 quod
1000 2393 1130 2427 extasis
1148 2404 1223 2428 non
1243 2395 1287 2429 sit
1305 2393 1454 2431 effectus
1471 2399 1623 2433 amoris:

46 2433 176 2468 extasis
189 2436 286 2470 enirn
302 2437 500 2483 quamdam
519 2438 781 2476 alienationem
796 2443 993 2490 importare
1008 2447 1168 2482 videtur:
1190 2448 1251 2483 sed
1268 2461 1373 2484 amor
1390 2461 1464 2485 non
1480 2463 1625 2499 semper

30 2483 130 2535 ‘facit
144 2487 419 2526 alienationem:
435 2502 517 2528 sunt
537 2494 635 2529 enim
651 2505 815 2532 amantes
835 2498 1015 2535 interdurn
1035 2502 1088 2536 sui
1105 2510 1313 2550 compotes,
1329 2515 1416 2551 ergo
1432 2517 1536 2541 amor
1548 2518 1623 2542 non

42 2536 130 2590 facit
146 2544 310 2579 extasim.

116 2605 148 2631 2.
168 2596 407 2635 PRAETEREA.
423 2601 564 2637 Amans
586 2603 766 2640 desiderat
787 2615 951 2642 amatum
973 2609 1040 2643 sibi
1063 2610 1171 2644 uniri:
1201 2612 1318 2658 magis
1346 2624 1434 2659 ergo
1458 2622 1621 2650 amatum

24 2648 152 2686 vti-ahit
178 2651 223 2687 ad
243 2664 294 2696 se,
315 2666 427 2701 quam
449 2656 560 2691 etiam
579 2667 706 2705 pergat
731 2660 767 2694 in
787 2670 962 2705 amatum,
986 2672 1084 2698 extra
1106 2676 1143 2699 se
1166 2667 1299 2700 exiens.

118 2715 147 2751 3.
168 2704 407 2744 PRAETEREA.
430 2710 549 2745 Amor
570 2712 647 2746 unit
670 2723 831 2749 amatum
855 2717 1003 2759 amanti,
1027 2719 1120 2753 sicut
1147 2719 1285 2754 dictum
1309 2730 1362 2756 est
1385 2722 1463 2765 (art.
1487 2736 1514 2758 ι.
1541 2729 1571 2759 et
1588 2736 1619 2760 2.

38 2758 189 2806 praec.):
210 2761 240 2795 si
267 2772 355 2809 ergo
378 2774 504 2799 amans
524 2773 622 2800 extra
650 2778 687 2802 se
708 2769 833 2811 tendit,
854 2779 892 2805 ut
917 2771 953 2805 in
977 2781 1140 2808 amatum
1162 2783 1299 2821 pergat,
1323 2777 1493 2822 sequitur,
1521 2779 1618 2824 quod

41 2820 186 2860 semper
203 2813 287 2862 plus
305 2815 431 2863 diligat
450 2827 625 2863 amatum,
640 2832 751 2868 quarn
766 2825 937 2870 seipsum,
952 2827 1049 2873 quod
1065 2836 1163 2874 patet
1178 2840 1256 2863 esse
1272 2828 1422 2873 salsum,
1441 2843 1514 2866 non
1530 2843 1618 2880 ergo

42 2866 172 2902 extasis
192 2877 246 2904 est
263 2868 413 2906 effectus
433 2873 580 2908 amoris.
