1875 3198
245 193 327 248 642
634 203 857 239 QUAESTIO
894 203 1071 233 Lxxxrx.
1108 203 1353 234 ARTICULUS
1385 204 1426 233 v.

240 286 324 320 nihil
345 291 387 321 est
408 285 632 321 damnationis
658 285 718 327 his,
742 287 798 330 qui
818 290 893 319 szmt
915 286 946 318 in
971 284 1103 318 Christo
1121 285 1211 329 jesu,
1231 286 1288 330 qui
1309 297 1375 319 non
1398 285 1576 321 secundum
1599 298 1732 322 carnem
1747 299 1816 323 am-

244 340 378 374 balant.-
402 348 436 374 et
458 339 618 386 loquitur
644 340 691 372 ibi
719 339 761 372 de
790 339 1084 384 concupiscentia
1111 339 1366 382 sensualitatis,
1393 348 1432 374 ut
1457 352 1500 374 ex
1526 342 1733 387 praemissis
1760 355 1818 389 ap-

241 401 360 440 paret;
384 394 474 428 haec
497 405 584 439 ergo
608 404 715 426 causa
744 400 807 434 est,
835 403 945 438 quare
973 393 1232 438 concupiscere
1258 404 1332 427 non
1359 394 1403 428 sit
1429 394 1636 430 damnabile
1663 395 1729 439 his,
1756 397 1817 442 qui

240 459 315 481 non
338 447 538 482 secundum
563 458 710 480 carnem
734 446 932 488 ambulant,
956 447 1217 481 consentiendo
1236 446 1374 481 scilicet
1389 448 1719 494 concupiscentiae,
1733 450 1817 495 quia

241 510 323 535 sunt
345 502 380 535 in
404 501 553 535 Christo
572 501 675 545 Jesu:
699 500 760 533 sed
784 499 947 533 infideles
970 511 1044 533 non
1063 508 1147 534 sunt
1168 500 1204 533 in
1228 500 1376 534 Christo
1395 501 1499 546 Jesu;
1522 513 1610 548 ergo
1632 502 1669 536 in
1695 502 1817 537 infide-

240 554 332 589 libus
355 563 407 589 est
430 553 654 595 damnabile3
678 553 785 598 primi
807 553 915 599 igitur
938 562 1058 587 motus
1081 553 1282 587 infidelium
1304 562 1387 588 sunt
1407 563 1558 600 peccata
1579 555 1760 590 mortalia.

313 618 344 642 2.
375 609 613 642 PRAETERffl.
645 606 843 641 Anselmus
869 607 955 640 dicit
984 607 1020 640 in
1051 607 1110 640 lib.
1142 607 1185 641 de
1221 607 1359 649 Gratia,
1388 616 1423 642 et
1449 608 1527 642 Lib.
1554 609 1642 643 Arb.
1670 610 1754 654 (sive
1780 609 1817 644 de

242 662 410 698 Concord.
441 662 501 697 Gr.
526 667 552 696 et
579 663 655 696 Lib.
678 662 762 696 ΑΓΖ).
786 673 804 695 a
827 661 952 705 med.).·
977 662 1048 705 Qui
1069 673 1133 695 non
1159 666 1234 695 szmt
1260 663 1294 695 in
1324 662 1453 696 Christo
1473 664 1642 697 sentientes
1669 675 1814 706 carnem,

239 721 418 763 sequnntur
440 715 702 758 damnatimzem,
725 716 855 749 etiamn·
875 727 939 748 non
960 714 1136 749 secundum
1158 726 1293 750 carnem
1321 716 1513 750 ambulant:
1540 716 1603 750 sed
1630 717 1815 752 damnatio

240 781 314 804 non
337 770 485 804 debetur
506 769 574 803 nisi
596 776 747 815 peccato
770 767 934 811 mortali3
958 779 1058 814 ergo,
1082 779 1166 802 cum
1180 769 1296 802 homo
1312 769 1443 803 sentiat
1457 781 1604 804 carnem
1615 771 1816 805 secundum

239 825 404 871 primum
422 832 564 858 motum
588 823 916 869 concupiscentiae,
938 823 1079 857 videtur
1098 823 1195 869 quod
1210 823 1347 869 primus
1362 832 1484 858 motus
1500 825 1816 871 concupiscentiae

239 879 275 912 in
297 877 501 911 infidelibus
524 877 567 911 sit
590 886 782 923 peccatum
805 876 972 910 mortale.

314 943 342 977 3.
366 931 603 966 PRAETEREA.
628 930 826 964 Anselmus
849 930 934 964 dicit
955 931 991 964 in
1015 930 1146 964 eodem
1162 929 1221 965 lib.
1241 930 1374 975 (ilzz‘d.).·
1394 931 1449 966 Sic
1468 937 1513 966 est
1522 932 1638 978 factus
1655 932 1764 975 homo,
1779 938 1817 968 ut

239 986 534 1032 concupiscentiam
548 985 664 1019 sentire
679 997 743 1018 non.
759 984 905 1019 deberet:
921 984 992 1018 hoc
1004 991 1126 1018 autem
1143 984 1304 1019 debitum
1317 985 1611 1020 videturhomini
1621 986 1815 1021 remissum

237 1051 300 1085 per
322 1039 476 1085 gratiam
497 1037 763 1084 baptismalem,
794 1049 904 1084 quam
927 1037 1090 1072 infideles
1117 1048 1191 1071 non
1214 1038 1366 1081 habent3
1395 1050 1481 1084 ergo
1504 1039 1815 1086 quandocumque

238 1092 395 1127 infidelis
418 1092 653 1138 concupiscit,
669 1092 811 1126 etiamsi
824 1103 899 1125 non
916 1091 1131 1134 consentiat,
1146 1099 1273 1138 peccat
1288 1092 1491 1128 mortaliter
1510 1101 1637 1128 contra
1652 1093 1814 1129 debitum

238 1146 387 1181 faciens.

311 1200 386 1235 SED
410 1211 565 1235 CONTRA
585 1208 648 1242 est,
668 1200 765 1246 quod
788 1199 917 1233 dicitur
936 1200 1018 1233 Act.
1046 1210 1096 1234 10.
1113 1211 1119 1232 :
1141 1199 1218 1234 Non
1237 1205 1511 1245 estpersonarzcm
1532 1206 1687 1247 acceptor
1700 1201 1814 1236 Deus.-

237 1254 334 1300 quod
358 1265 444 1300 ergo
468 1254 529 1287 uni
551 1265 623 1288 non
647 1254 801 1300 imputat
828 1254 871 1287 ad
895 1253 1182 1295 damnationem,
1204 1264 1271 1287 nec
1296 1253 1415 1288 alteri:
1443 1253 1505 1288 sed
1534 1254 1670 1300 primos
1692 1263 1814 1290 motus

238 1308 401 1342 fidelibus
424 1319 498 1341 non
520 1308 674 1354 imputat
697 1308 740 1341 ad
763 1307 1058 1348 damnationem3
1081 1318 1169 1352 ergo
1193 1307 1302 1341 etiam
1324 1319 1391 1341 nec
1419 1307 1634 1342 infidelibus.

309 1362 540 1396 RESPONDEO
571 1362 778 1403 dicendum,
810 1362 906 1407 quod
937 1360 1232 1394 irrationabiliter
1266 1360 1406 1403 dicitur,
1434 1361 1531 1406 quod
1558 1361 1665 1408 primi
1691 1369 1813 1396 motus

237 1415 437 1449 infidelium
461 1416 530 1449 sint
552 1423 701 1461 peccata
724 1415 904 1456 mortalia,
932 1415 961 1448 si
984 1415 1034 1448 eis
1061 1425 1135 1448 non
1159 1414 1398 1448 consentiant.
1426 1414 1470 1448 Et
1493 1415 1565 1449 hoc
1593 1423 1690 1461 patet
1711 1416 1815 1462 dupli-

237 1471 329 1504 citer.
348 1470 464 1503 Primo
487 1469 646 1515 quidem,
669 1469 752 1515 quia
775 1469 851 1514 ipsa
873 1468 1086 1502 sensualitas
1108 1479 1183 1501 non
1205 1475 1325 1513 potest
1346 1479 1424 1502 esse
1446 1468 1650 1514 subjectum
1671 1469 1814 1515 peccati

237 1522 413 1564 mortalis,
436 1531 473 1556 ut
495 1534 599 1569 supra
622 1530 675 1556 est
696 1523 860 1556 habitum
882 1523 930 1567 (q.
959 1532 1011 1568 74.
1028 1526 1093 1555 art.
1115 1521 1190 1565 4.):
1214 1529 1267 1555 est
1288 1529 1410 1555 autem
1433 1522 1563 1556 eadem
1584 1530 1711 1556 natura
1734 1534 1815 1557 sen-

237 1576 411 1612 sualitatis
433 1576 469 1610 in
492 1576 693 1610 infidelibus
716 1584 750 1610 et
770 1575 955 1617 fidelibus3
978 1575 1072 1609 unde
1094 1585 1168 1608 non
1192 1581 1311 1621 potest
1337 1586 1426 1616 esse,
1449 1575 1546 1621 quod
1568 1575 1668 1610 solus
1690 1584 1813 1611 motus

237 1630 478 1666 sensualitatis
501 1630 536 1663 in
555 1629 758 1664 infidelibus
781 1630 825 1664 sit
846 1637 1038 1675 peccatum
1073 1628 1240 1662 mortale.
1268 1629 1347 1663 Alio
1378 1628 1473 1662 modo
1497 1640 1539 1663 ex
1573 1637 1666 1664 statu
1699 1629 1812 1676 ipsius

236 1684 435 1732 peccantis:
459 1695 661 1729 numquam
684 1684 781 1717 enim
805 1683 959 1728 dignitas
981 1693 1159 1729 personae
1182 1681 1350 1716 diminuit
1376 1690 1580 1729 peccatum,
1603 1683 1665 1718 sed
1693 1684 1810 1730 magis

237 1746 357 1784 auget,
375 1746 413 1772 ut
435 1749 476 1772 ex
494 1749 602 1784 supra
625 1737 727 1771 dictis
750 1744 847 1784 patet
869 1737 915 1782 (q.
933 1748 978 1782 73.
999 1741 1063 1770 art.
1086 1737 1178 1781 10.)‚·
1202 1735 1297 1769 unde
1311 1746 1378 1770 nec
1402 1744 1594 1782 peccatum
1617 1745 1671 1771 est
1692 1737 1812 1772 minus

236 1793 272 1826 in
294 1791 402 1833 fideli,
422 1803 531 1838 quam
555 1791 590 1825 in
604 1790 752 1832 infideli,
768 1790 829 1825 sed
850 1790 967 1824 multo
990 1790 1125 1835 majus:
1149 1800 1235 1822 nam
1251 1797 1286 1823 et
1307 1789 1509 1824 infidelium
1523 1798 1676 1836 peccata
1693 1791 1810 1837 magis

236 1853 420 1880 merentur
441 1846 587 1879 veniam
609 1852 756 1890 propter
774 1844 1033 1890 ignorantiam,
1049 1842 1251 1877 secundum
1266 1842 1355 1877 illud
1374 1853 1402 1876 1.
1421 1843 1466 1877 ad
1483 1842 1648 1877 Timoth.
1675 1855 1703 1878 1.
1719 1855 1727 1878 ε
1747 1845 1813 1879 Mi-

234 1899 450 1934 sericordiam
473 1899 540 1933 Diri?
562 1903 750 1933 consecutus
770 1910 854 1939 snm,
879 1899 957 1943 quia
984 1899 1144 1943 ignorans
1158 1897 1228 1942 feci
1249 1898 1283 1930 in
1305 1896 1540 1932 incredulitate
1561 1908 1655 1932 mea:
1679 1905 1713 1932 et
1734 1909 1813 1944 pec-

236 1961 315 1987 cata
327 1952 488 1986 fidelium
500 1959 743 1997 aggravantur
754 1959 901 1997 propter
912 1951 1047 1997 gratiae
1060 1958 1299 1992 sacramenta,
1311 1950 1512 1984 secundum
1523 1950 1612 1985 illud
1624 1951 1732 1985 Hebr.
1747 1962 1812 1987 10.:

237 2008 373 2051 Quanto
396 2007 498 2051 magis
510 2007 637 2052 putatis
654 2005 819 2040 deteriora
840 2006 962 2039 mereri
982 2005 1156 2051 supplicia,
1177 2005 1234 2050 qni
1254 2005 1447 2049 sanguinem
1474 2006 1671 2047 testamenti,
1691 2006 1727 2039 in
1748 2017 1810 2051 quo

234 2062 458 2106 sanctificatus
480 2065 534 2102 est,
550 2060 718 2106 pollulum
737 2059 895 2094 duxerit?

306 2115 366 2149 AD
381 2125 530 2149 PRIMUM
546 2125 633 2159 ergo
650 2114 855 2155 dicendum,
872 2113 968 2160 quod
985 2112 1185 2159 Apostolus
1201 2111 1360 2158 loquitur
1375 2111 1418 2146 de
1434 2111 1670 2146 damnatione
1691 2112 1810 2147 debita

235 2176 386 2215 peccato
415 2167 596 2213 originali,
624 2179 715 2213 quae
738 2167 896 2201 aufertur
918 2178 980 2213 per
1003 2167 1157 2212 gratiam
1187 2166 1271 2211 Jesu
1300 2165 1449 2208 Christi,
1472 2166 1638 2212 quamvis
1664 2175 1810 2201 maneat

236 2222 553 2268 concupiscentiae
580 2221 717 2263 fomes3
741 2221 835 2256 unde
858 2222 929 2255 hoc
953 2221 1050 2267 quod
1073 2220 1196 2254 fideles
1224 2220 1506 2266 concupiscunt3
1529 2231 1603 2254 non
1627 2229 1680 2255 est
1700 2221 1737 2254 in
1760 2221 1810 2256 eis

234 2276 380 2322 signum
402 2275 646 2310 damnationis
668 2275 856 2320 originalis
878 2276 1029 2321 peccati,
1052 2274 1145 2308 sicut
1165 2282 1219 2308 est
1240 2274 1276 2307 in
1303 2273 1523 2308 infidelibus:
1547 2281 1582 2309 et
1603 2274 1676 2309 hoc
1699 2275 1809 2310 etiam

236 2331 349 2364 modo
371 2329 649 2375 intelligendum
673 2337 724 2363 est
747 2329 883 2363 dictum
906 2329 1073 2363 Anselmi
1096 2329 1166 2374 (cit.
1195 2329 1229 2362 in
1251 2339 1321 2373 arg.
1345 2327 1407 2372 2.).

308 2384 414 2418 Unde
432 2391 528 2429 patet
548 2383 681 2417 solutio
704 2394 753 2417 AD
777 2394 998 2418 SECUNDUM.

309 2437 368 2471 AD
394 2447 565 2471 TERTIUM
589 2436 795 2478 dicendum,
818 2437 915 2482 quod
943 2436 1030 2470 illud
1053 2435 1214 2470 debitum
1235 2446 1310 2469 non
1333 2435 1617 2482 concupiscendi
1651 2443 1726 2470 erat
1747 2447 1809 2484 per

237 2490 454 2537 originalem
475 2491 668 2536 justitiam;
704 2491 798 2524 unde
822 2491 867 2532 id,
891 2491 987 2536 quod
1011 2490 1207 2536 opponitur
1227 2489 1290 2524 tali
1323 2489 1456 2532 debito,
1490 2501 1565 2525 non
1586 2492 1739 2536 pertinet
1764 2490 1807 2525 ad

236 2553 427 2590 peccatum
450 2543 602 2586 actuale,
625 2544 686 2578 sed
711 2544 753 2577 ad
777 2552 967 2589 peccatum
992 2543 1180 2589 originale.
