1875 3198
233 188 317 231 724
654 186 871 222 QUAESTIO
906 186 945 216 C.
979 185 1222 216 ARTICULUS
1254 185 1327 215 VII.

230 280 304 302 non
334 275 387 302 est
415 268 458 303 de
492 267 573 314 lege
608 275 776 310 naturae;
805 267 848 302 ed
883 267 965 301 ideo
995 267 1067 301 hoc
1097 274 1330 313 praeceptum
1363 266 1512 312 speciali
1533 266 1782 302 admonitione

230 321 394 368 indiguit.

762 454 1105 498 ARTICULUS
1131 454 1253 497 VIII.
1719 478 1782 512 537

422 556 574 586 UTRUM
601 556 853 585 PRAECEPTA
880 556 1105 585 DECALOGI
1133 555 1229 585 SINT
1258 556 1594 586 DISPENSABILIA.

234 651 347 698 (Supr.
370 663 399 697 q.
419 663 474 697 99.
493 655 556 685 art.
572 662 600 696 5.
621 657 709 696 corp.
730 655 757 684 et
778 661 843 685 2-2.
866 661 895 695 q.
914 661 988 694 104.
1017 654 1080 684 art.
1099 659 1132 694 4.
1155 649 1196 684 ad
1217 661 1248 684 2.
1267 654 1297 684 et
1317 662 1344 684 1.
1366 650 1456 685 Dist.
1473 661 1528 696 47.
1555 655 1620 686 art.
1641 661 1674 695 4.
1695 657 1786 698 corp.

585 709 616 738 et
628 716 655 749 3.
678 704 764 738 Dist.
780 715 829 749 37.
848 708 913 739 art.
929 714 962 747 4.
985 708 1012 738 et
1025 714 1058 747 4.
1074 704 1162 738 Dist.
1177 714 1226 749 17.
1242 715 1271 749 q.
1284 715 1311 749 3.
1327 708 1390 738 art.
1405 715 1433 738 1.

514 761 542 791 et
563 757 646 791 Mal.
670 768 699 802 q.
716 769 743 803 3.
766 761 830 791 art.
849 769 876 791 r.
904 756 946 791 ad
975 767 1004 803 7.
1032 761 1061 791 et
1089 768 1118 802 q.
1152 768 1195 802 15.
1225 761 1289 791 art.
1316 768 1344 791 1.
1375 756 1416 791 ad
1445 756 1506 802 8.),

303 853 363 888 AD
385 862 573 888 OCTAVUM
595 852 645 887 sic
667 852 883 899 proceditur.
898 852 1060 895 Videtur,
1075 853 1172 898 quod
1185 859 1377 898 praecepta
1392 852 1558 898 decalogi
1571 852 1641 888 sint
1655 852 1792 900 dispen-

232 906 375 942 sabilia:
407 914 599 954 praecepta
629 907 726 941 enirn
754 906 921 953 decalogi
946 914 1028 941 sunt
1049 907 1091 940 de
1117 907 1193 952 jure
1214 905 1386 940 naturali:
1409 906 1470 941 sed
1491 907 1546 952 jus
1567 906 1729 942 naturale
1754 907 1791 941 in

233 960 409 1006 aliquibus
431 960 560 1002 deficit,
583 967 617 994 et
638 959 809 994 mutabile
836 967 900 1002 est,
926 960 1017 994 sicut
1039 967 1074 994 et
1093 967 1220 994 natura
1241 959 1414 1002 humana,
1435 967 1474 994 ut
1493 959 1630 994 Philos.
1652 959 1738 994 dicit
1754 960 1791 994 in

236 1024 264 1059 5.
287 1013 402 1048 Ethic.
422 1014 510 1060 (cap.
529 1013 596 1060 7.):
619 1012 778 1047 defectus
801 1020 922 1047 autem
936 1012 1025 1059 legis
1039 1013 1076 1046 in
1090 1012 1266 1059 aliquibus
1288 1012 1560 1059 particularibus
1581 1013 1720 1048 casibus
1738 1021 1792 1048 est

232 1067 323 1101 ratio
346 1066 584 1113 dispensandi,
601 1074 639 1100 ut
656 1077 761 1112 supra
782 1065 919 1100 dictum
940 1074 993 1100 est
1013 1067 1058 1112 (q.
1081 1066 1138 1112 96.
1161 1071 1226 1100 art.
1245 1065 1278 1101 6.
1297 1070 1325 1100 et
1342 1077 1372 1112 q.
1391 1077 1446 1112 97.
1465 1071 1530 1102 art.
1544 1067 1618 1112 4.);
1646 1077 1734 1113 ergo
1755 1066 1791 1100 in

232 1120 430 1166 praeceptis
452 1119 619 1166 decalogi
639 1126 757 1165 potest
778 1119 854 1153 fieri
872 1119 1103 1165 dispensatio.

303 1183 334 1207 2.
363 1173 598 1208 PRAETEREA.
627 1172 729 1206 Sicut
753 1184 791 1206 se
817 1172 927 1206 habet
951 1172 1066 1206 homo
1095 1171 1138 1206 ad
1165 1171 1286 1218 legem
1311 1172 1522 1216 humanam,
1543 1172 1594 1207 ita
1619 1183 1657 1207 se
1682 1172 1792 1207 habet

232 1227 330 1260 Deus
353 1226 396 1260 ad
418 1225 538 1271 legem
560 1225 682 1259 datam
709 1225 894 1260 divinitus:
922 1225 984 1260 sed
1010 1225 1125 1260 homo
1152 1233 1271 1271 potest
1296 1225 1504 1272 dispensare
1529 1225 1566 1259 in
1592 1225 1793 1272 praeceptis

232 1279 333 1326 legis,
356 1290 447 1326 quae
464 1278 524 1324 [al.
539 1279 653 1325 quam]
671 1279 785 1313 homo
801 1278 939 1321 statuit3
963 1290 1049 1324 ergo
1069 1290 1152 1312 cum
1166 1286 1358 1325 praecepta
1373 1278 1539 1325 decalogi
1551 1279 1622 1313 sint
1634 1279 1793 1313 instituta

233 1344 254 1367 a
281 1333 375 1375 Deo,
401 1332 541 1367 videtur
575 1332 671 1378 quod
705 1332 804 1366 Deus
825 1332 862 1365 in
885 1332 934 1366 eis
960 1332 1074 1378 possit
1103 1331 1327 1378 dispensare:
1358 1331 1419 1366 sed
1441 1331 1597 1366 Praelati
1624 1331 1703 1366 vice
1723 1332 1794 1366 Dei

232 1385 429 1431 funguntur
449 1386 486 1420 in
514 1386 628 1427 terris,
655 1385 741 1419 dicit
763 1386 859 1420 enim
881 1385 1081 1432 Apostolus
1104 1395 1134 1419 2.
1163 1385 1206 1419 ad
1229 1385 1316 1420 Cor.
1339 1395 1393 1419 2.:
1420 1386 1512 1420 Nam
1533 1391 1562 1420 et
1582 1397 1637 1432 ego
1658 1387 1686 1421 52'
1715 1385 1793 1432 quid

233 1439 356 1474 donavi
369 1444 506 1486 propter
523 1451 581 1474 vos
612 1438 734 1473 donavi
760 1440 795 1472 in
808 1445 952 1485 persona
975 1438 1125 1480 Christi;
1149 1449 1237 1484 ergo
1265 1438 1374 1473 etiam
1400 1438 1557 1474 Praelati
1582 1446 1732 1486 possunt
1757 1439 1794 1473 in

233 1493 432 1540 praeceptis
455 1492 622 1538 decalogi
643 1492 859 1538 dispensare.

308 1558 336 1592 3.
358 1546 593 1580 PRAETEREA.
616 1545 711 1579 Inter
733 1553 924 1591 praecepta
947 1544 1114 1590 decalogi
1136 1545 1339 1580 continetur
1368 1545 1564 1592 prohibitio
1584 1545 1793 1588 homicidii:

233 1600 296 1634 sed
316 1599 353 1633 in
374 1599 443 1634 isto
466 1606 658 1645 praecepto
691 1598 832 1633 videtur
854 1598 1052 1645 dispensari
1073 1609 1135 1644 per
1156 1598 1345 1633 homines:
1367 1606 1453 1644 puta
1483 1610 1566 1633 cum
1592 1599 1795 1634 secundum

234 1661 466 1700 praeceptum
480 1652 570 1698 legis
590 1653 774 1686 humanae
795 1652 964 1686 homines
986 1651 1082 1686 licite
1102 1652 1334 1695 occiduntur;
1356 1660 1442 1698 puta
1456 1651 1720 1695 malefactores,
1737 1651 1795 1687 vel

233 1707 377 1749 hostes;
399 1718 486 1751 ergo
512 1714 702 1752 praecepta
725 1705 891 1750 decalogi
917 1713 999 1739 sunt
1021 1705 1284 1751 dispensabilia.

303 1770 336 1803 4.
352 1760 586 1794 PRAETEREA.
604 1759 821 1794 Observatio
838 1759 985 1793 Sabbati
999 1759 1201 1793 continetur
1215 1759 1306 1794 inter
1320 1767 1511 1806 praecepta
1525 1758 1710 1805 decalogi:
1733 1759 1795 1794 sed

233 1814 269 1848 in
290 1814 361 1848 hoc
383 1822 576 1860 praecepto
604 1811 670 1846 fuit
691 1812 957 1858 dispensatum:
981 1812 1110 1846 dicitur
1132 1812 1230 1847 enim
1255 1823 1283 1846 1.
1305 1812 1472 1847 Machab.
1495 1823 1546 1846 2.:
1568 1813 1612 1848 Et
1633 1814 1797 1859 cogitave-

234 1872 311 1902 runt
332 1868 366 1901 in
387 1866 438 1901 dia
458 1867 518 1900 illa
539 1866 696 1901 dicentes:
722 1866 839 1900 Omnis
861 1866 968 1908 homo,
983 1867 1178 1912 quicumque
1196 1867 1323 1900 venerit
1341 1865 1382 1900 ad
1395 1877 1452 1901 nos
1470 1867 1503 1900 in
1519 1866 1598 1901 bello
1613 1865 1663 1901 die
1676 1866 1798 1901 Sabba-

234 1926 354 1963 tornm,
372 1927 556 1967 pugnemus
578 1919 732 1955 adversus
745 1931 841 1960 annm
865 1930 952 1964 ergo
971 1927 1163 1965 praecepta
1185 1918 1353 1965 decalogi
1373 1927 1456 1954 sunt
1477 1919 1740 1965 dispensabilia.

308 1974 381 2008 SED
401 1984 554 2008 CONTRA
578 1980 641 2015 est,
663 1972 760 2019 quod
781 1972 848 2006 Isa.
872 1982 926 2015 24.
950 1972 1097 2018 quidam
1118 1972 1430 2018 reprehenduntur
1451 1972 1494 2006 de
1514 1973 1586 2007 hoc
1605 1973 1702 2019 quod
1729 1985 1798 2007 mu·

235 2032 389 2062 taverunt
405 2029 461 2072 jus
481 2026 722 2073 dissipaverunt
740 2025 854 2071 foedus
869 2027 1118 2072 sempiternum,
1141 2025 1237 2072 quod
1259 2025 1417 2060 maxime
1438 2025 1579 2060 videtur
1595 2025 1797 2072 intelligen-

235 2081 322 2115 dum
344 2081 386 2115 de
409 2080 608 2127 praeceptis
630 2078 816 2125 decalogi;
839 2090 926 2124 ergo
949 2087 1140 2126 praecepta
1162 2078 1330 2124 decalogi
1344 2079 1475 2114 mutari
1489 2090 1552 2126 per
1566 2079 1799 2126 dispensatio-

236 2146 320 2170 nem
342 2146 416 2169 non
438 2142 599 2181 possunt.

307 2188 536 2222 Rr-:spoxnsso
558 2186 763 2229 dicendum,
786 2186 894 2233 quod,
916 2186 1008 2220 sicut
1029 2197 1136 2233 supra
1154 2186 1359 2221 dictum-est
1378 2186 1423 2232 (q.
1441 2186 1498 2233 96.
1514 2191 1580 2222 art.
1601 2185 1634 2221 6.
1648 2191 1677 2221 et
1693 2197 1723 2232 q.
1742 2196 1798 2232 97.

236 2246 299 2276 nrt.
318 2243 382 2287 4),
401 2248 485 2275 tunc
507 2240 543 2274 in
563 2240 762 2286 praeceptis
781 2240 887 2274 debet
905 2239 981 2274 fieri
999 2240 1231 2286 dispensatio,
1250 2240 1394 2286 quando
1410 2239 1566 2274 occurrit
1579 2239 1706 2286 aliquis
1724 2250 1800 2286 par-

236 2295 396 2330 ticularis
418 2305 533 2335 casus,
555 2294 589 2327 in
613 2304 684 2339 quo
707 2293 735 2327 si
756 2293 906 2327 verbum
926 2293 1016 2337 legis
1035 2293 1295 2335 observaretur,
1315 2293 1592 2328 contrariaretur
1609 2292 1799 2327 intentioni

236 2348 473 2394 legislatoris:
508 2347 660 2381 intentio
684 2355 805 2381 autem
839 2346 1056 2391 legislatoris
1085 2346 1273 2391 cujuslibet
1299 2346 1484 2381 ordinatur
1499 2348 1611 2394 primo
1642 2346 1799 2393 quidem,
1857 2376 1859 2385 ,

238 2410 272 2436 et
293 2400 538 2448 principaliter
559 2400 602 2434 ad
625 2400 761 2434 bonurn
790 2411 1005 2442 communc3
1025 2399 1163 2434 scczntdo
1183 2408 1303 2434 autem
1326 2400 1369 2434 ad
1392 2400 1557 2434 ordinem
1577 2399 1744 2446 justitiae,
1766 2406 1800 2434 et

237 2455 387 2496 virtutis,
409 2453 608 2489 secundum
631 2465 739 2499 quem
761 2453 897 2487 bonum
921 2464 1117 2487 commune
1140 2461 1384 2495 conservatur,
1412 2461 1447 2488 et
1472 2453 1516 2487 ad
1537 2453 1654 2500 ipsum
1675 2463 1802 2500 perve-

237 2509 350 2542 nitur:
366 2509 392 2542 51'
406 2519 470 2553 qna
485 2519 559 2553 ergo
571 2511 744 2553 prcwsstptu
761 2506 888 2547 dentur,
909 2518 989 2552 qnae
1008 2508 1193 2541 contineant
1212 2508 1317 2553 ipsam
1332 2507 1611 2542 conservationem
1627 2507 1704 2541 boni
1717 2517 1802 2540 cem-

238 2563 358 2603 nznnis,
378 2562 430 2596 vel
445 2563 551 2607 ipsntn
571 2560 716 2594 ordinem
734 2561 893 2604 jnslltinc,
909 2565 937 2594 et
959 2561 1103 2601 virtutis,
1124 2560 1312 2605 hujusmodi
1325 2565 1501 2607 praccepta
1517 2560 1681 2594 (ordinent
1700 2560 1801 2593 inlen-

239 2614 356 2650 tionem
373 2615 566 2659 legislatoris
578 2627 587 2648 .·
603 2619 630 2648 εἰ
646 2613 714 2647 idco
735 2613 999 2659 indiffpensnln'liu
1018 2618 1093 2648 sunt
1105 2627 1114 2648 :
1131 2621 1213 2659 puta
1229 2614 1256 2647 si
1273 2621 1464 2658 poneretur
1478 2613 1548 2647 hoc
1568 2621 1801 2659 praeceptum

239 2669 273 2702 in
298 2667 415 2713 aliqua
439 2667 713 2708 communitate,
732 2667 827 2712 quod
850 2666 970 2700 nullus
992 2667 1188 2700 destrueret
1211 2666 1483 2713 rempublicam,
1502 2677 1618 2712 neque
1637 2666 1804 2712 proderet

240 2722 421 2755 civitatem
446 2721 619 2761 hostibus,
647 2720 720 2754 sive
744 2720 839 2765 quod
863 2720 981 2753 nullus
1002 2719 1133 2754 faceret
1156 2719 1288 2766 aliquid
1311 2720 1451 2764 injuste,
1472 2718 1528 2754 vel
1551 2718 1658 2760 male,
1685 2719 1804 2764 hujus-

239 2774 339 2808 modi
362 2782 552 2820 praecepta
577 2781 694 2808 essent
711 2773 1021 2819 indispensabilia:
1038 2774 1099 2808 sed
1115 2774 1142 2808 si
1159 2773 1277 2819 aliqua
1293 2773 1361 2807 alia
1375 2780 1565 2819 praecepta
1579 2772 1803 2806 traderentur
1846 2807 1847 2810 ,

241 2827 404 2861 ordinata
432 2827 474 2860 ad
498 2827 562 2861 ista
594 2834 797 2872 praecepta,
820 2826 946 2872 quibus
977 2826 1262 2861 determinantur
1292 2826 1401 2872 aliqui
1431 2824 1606 2872 speciales
1628 2825 1739 2867 modi,
1766 2825 1800 2859 in
1823 2860 1827 2867 ,

240 2879 368 2915 talibus
391 2880 590 2926 praeceptis
613 2879 830 2926 disponendo
853 2887 974 2924 posset
997 2879 1088 2914 tieri:
1113 2880 1323 2926 inquantum
1348 2891 1412 2926 per
1432 2878 1670 2914 omissionem
1684 2878 1802 2923 hujus-
1830 2902 1844 2923 p
