1907 3182
253 162 337 214 366
695 170 916 206 QUAESTIO
950 170 1022 199 L11.
1057 168 1302 198 ARTICULUS
1335 168 1380 197 11.

251 260 304 286 est
325 253 443 285 minus
466 251 599 292 album,
622 262 696 285 non
718 250 756 284 fit
778 250 894 296 magis
913 249 1048 291 album,
1066 249 1135 282 nisi
1152 260 1214 294 per
1233 248 1391 294 aliquam
1411 247 1519 282 aliam
1539 247 1742 282 albedinem
1759 258 1815 281 su-

250 305 533 352 pervenientem.

323 358 397 392 SED
425 367 580 392 CONTRA
603 364 656 390 est
676 356 772 402 quod
794 354 931 389 Philos.
955 355 1041 389 dicit
1061 355 1097 388 in
1118 364 1151 397 4.
1173 353 1318 400 Physic.
1343 354 1421 398 (tex.
1446 354 1518 398 84.)
1537 366 1547 387 :
1577 354 1632 387 Ex
1653 352 1758 387 calido
1772 353 1815 398 fit

250 412 356 456 magis
377 410 533 452 cah'dmn,
557 410 645 443 nullo
667 409 754 451 facto
778 410 809 441 in
834 409 974 441 materia
996 407 1115 449 calido,
1139 406 1224 453 quod
1246 418 1310 440 non
1328 412 1403 441 esset
1421 406 1578 448 calidum,
1598 404 1728 452 quando
1745 409 1815 439 erat

250 465 359 497 minus
380 463 524 498 calidum
534 475 546 503 ‚·
570 473 656 507 ergo
679 463 754 507 pari
776 462 914 494 ratione
937 471 1003 494 nec
1020 462 1055 494 in
1070 460 1147 494 aliis
1162 459 1300 501 formis,
1316 470 1407 505 quae
1423 466 1610 504 augentur,
1624 465 1678 492 est
1696 457 1815 503 aliqua

251 516 397 550 additio.

321 568 549 602 Rfispoxmzo
572 566 779 608 dicendum,
801 566 896 612 quod
918 566 1024 610 hujus
1047 565 1268 611 quaestionis
1289 564 1422 599 solutio
1445 564 1625 610 dependet
1647 574 1690 597 ex
1717 573 1814 609 prae-

251 622 389 656 missis:
413 621 549 654 dictum
572 628 625 654 est
646 620 743 653 enim
766 630 871 665 supra
895 619 974 662 (art.
992 620 1136 665 praec),
1161 618 1258 664 quod
1286 625 1535 663 augmentum,
1562 624 1598 650 et
1622 615 1815 650 diminutio

250 675 287 708 in
308 674 446 716 formis,
468 684 559 719 quae
578 673 821 714 intenduntur,
845 680 880 706 et
900 672 1139 713 remittuntur,
1163 671 1293 705 accidit
1313 681 1386 704 uno
1409 670 1521 704 modo
1547 680 1623 704 non
1649 680 1692 703 ex
1717 676 1816 715 parte

250 728 361 774 ipsius
375 727 513 761 formae
528 725 727 760 secundum
744 737 781 759 se
797 725 1060 767 consideratae,
1075 725 1137 759 sed
1150 736 1191 758 ex
1203 724 1343 758 diversa
1358 723 1633 770 participatione
1648 721 1815 767 subjecti3

252 789 286 815 et
307 781 389 815 ideo
412 779 623 824 hujusmodi
645 786 882 824 augmentum
903 778 1104 819 habituum,
1128 786 1162 811 et
1189 777 1342 810 aliarum
1368 776 1571 810 formarum
1591 786 1666 809 non
1692 774 1731 808 fit
1754 786 1817 821 per

252 833 474 867 additionem
496 832 635 866 formae
659 832 702 865 ad
723 831 898 866 formam:
921 831 983 864 sed
1005 830 1044 865 fit
1064 842 1127 876 per
1148 831 1231 872 hoc,
1254 830 1353 876 quod
1377 830 1579 874 subjectum
1605 828 1733 873 magis,
1758 827 1817 861 vel

251 887 371 920 minus
392 885 548 932 perfecte
571 885 761 931 participat
782 896 892 918 unam
908 892 943 918 et
958 884 1125 917 eamdem
1146 883 1323 917 formam:
1347 891 1382 916 et
1399 882 1492 916 sicut
1505 893 1568 928 per
1583 892 1707 927 agens,
1721 880 1818 927 quod

251 947 304 973 est
318 948 411 980 actu,
434 938 471 972 fit
494 938 627 984 aliquid
651 946 732 972 actu
748 937 918 978 calidum,
933 936 1035 982 quasi
1050 937 1092 970 de
1107 947 1205 970 novo
1221 936 1398 981 incipiens
1420 934 1634 981 participare
1647 933 1817 975 formam,

250 1004 324 1026 non
347 992 443 1038 quod
466 991 526 1025 fiat
547 993 623 1037 ipsa
644 990 773 1031 forma,
796 997 834 1024 ut
856 991 1028 1036 probatur
1050 1000 1081 1034 7.
1104 989 1263 1035 Metaph.
1283 989 1364 1033 (tex.
1377 989 1467 1034 32.);
1490 988 1539 1022 ita
1553 999 1617 1034 per
1636 987 1818 1023 actionem

251 1047 432 1080 intensam
454 1045 564 1090 ipsius
587 1044 725 1090 agentis
748 1043 900 1077 efficitur
921 1042 1038 1088 magis
1062 1041 1233 1083 calidum,
1255 1050 1444 1088 tamquam
1466 1040 1658 1087 perfectius
1679 1040 1819 1086 partici-

250 1109 340 1144 pans
362 1097 530 1139 formam,
552 1108 627 1131 non
648 1105 836 1142 tamquam
850 1095 990 1130 formae
1005 1095 1139 1141 aliquid
1155 1095 1322 1129 addatur:
1345 1095 1375 1128 si
1396 1094 1495 1128 enim
1516 1105 1580 1140 per
1593 1093 1817 1127 additionem

250 1151 511 1196 intelligeretur
531 1149 741 1195 hujusmodi
763 1157 1001 1195 augmentum
1022 1149 1058 1182 in
1073 1148 1211 1191 formis,
1234 1148 1305 1182 hoc
1327 1158 1403 1182 non
1424 1155 1549 1194 posset
1569 1158 1659 1189 esse,
1677 1146 1746 1180 nisi
1759 1146 1818 1180 vel

251 1216 293 1238 ex
315 1212 413 1250 parte
436 1204 544 1250 ipsius
566 1203 718 1245 formae,
732 1202 791 1237 vel
806 1215 850 1237 ex
867 1211 966 1249 parte
988 1202 1149 1248 subjecti.
1173 1201 1212 1236 Si
1227 1209 1348 1236 autem
1363 1212 1406 1235 ex
1419 1208 1520 1246 parte
1537 1200 1648 1247 ipsius
1666 1199 1818 1242 formae,

250 1259 323 1303 jam
346 1257 483 1291 dictum
506 1264 558 1290 est
579 1257 660 1301 (art.
680 1257 824 1303 praec),
847 1256 944 1302 quod
967 1255 1046 1290 talis
1066 1255 1213 1297 additio,
1235 1254 1294 1289 vel
1311 1254 1509 1288 subtractio
1531 1253 1691 1300 speciem
1707 1253 1820 1288 varia-

251 1318 321 1352 ret3
343 1312 436 1345 sicut
455 1310 614 1344 variatur
635 1310 772 1355 species
795 1309 941 1351 coloris,
963 1309 1109 1355 quando
1129 1309 1171 1343 de
1190 1308 1326 1355 pallido
1343 1308 1382 1342 fit
1396 1307 1528 1342 album.
1545 1307 1585 1341 Si
1599 1317 1686 1341 vero
1699 1307 1820 1352 hujus-

252 1364 353 1397 modi
373 1364 507 1397 additio
530 1363 750 1409 intelligatur
771 1374 814 1397 ex
835 1370 934 1409 parte
956 1363 1119 1407 subjecti,
1141 1362 1213 1395 hoc
1229 1373 1305 1396 non
1326 1368 1450 1408 posset
1465 1372 1555 1402 esse,
1572 1361 1642 1395 nisi
1662 1360 1714 1395 vel
1735 1360 1819 1406 quia

252 1416 371 1462 aliqua
393 1428 473 1462 pars
495 1416 647 1461 subjecti
669 1416 795 1462 recipit
814 1415 984 1457 formam,
1013 1426 1122 1461 quam
1144 1415 1240 1461 prius
1260 1425 1336 1448 non
1366 1414 1539 1456 habebat3
1561 1421 1599 1447 ut
1625 1415 1654 1448 si
1680 1413 1820 1448 dicatur

251 1469 362 1515 frigus
383 1480 544 1503 crescere
566 1469 601 1503 in
620 1469 782 1510 homine,
805 1469 865 1515 qui
887 1469 982 1514 prius
997 1467 1150 1514 frigebat
1163 1468 1199 1502 in
1216 1479 1288 1501 una
1302 1475 1414 1514 parte,
1430 1466 1577 1513 quando
1599 1467 1673 1512 jam
1695 1468 1731 1501 in
1746 1466 1820 1512 plu—

251 1523 347 1556 ribus
378 1523 536 1568 partibus
562 1521 686 1568 friget:
713 1522 765 1556 vel
795 1523 877 1568 quia
908 1521 1054 1567 aliquod
1077 1520 1174 1555 aliud
1196 1521 1401 1566 subjectum
1432 1520 1573 1555 additur
1601 1520 1819 1566 participans

252 1575 420 1610 eamdem
440 1574 622 1618 formam3
644 1576 735 1610 sicut
756 1576 785 1609 si
808 1574 965 1609 calidum
994 1575 1209 1620 adjungatur
1241 1573 1372 1616 calido,
1392 1573 1452 1608 vel
1482 1573 1605 1608 album
1627 1573 1728 1607 albo:
1756 1573 1819 1608 sed

251 1628 452 1662 secundum
475 1636 668 1674 utrumque
701 1629 853 1662 istorum
880 1628 1036 1662 duorum
1063 1628 1258 1662 modorum
1285 1639 1359 1662 non
1382 1627 1512 1662 dicitur
1537 1626 1671 1673 aliquid
1702 1627 1819 1673 magis

252 1680 386 1723 album,
408 1680 466 1715 vel
488 1681 658 1723 calidum,
686 1681 748 1715 sed
783 1682 909 1726 majus.
934 1680 1005 1714 Sed
1028 1683 1111 1726 quia
1133 1680 1312 1727 quaedam
1345 1680 1546 1714 accidentia
1568 1688 1744 1726 augentur
1769 1691 1821 1715 se-

253 1734 411 1768 cundum
434 1734 562 1780 seipsa,
584 1742 622 1768 ut
643 1745 750 1779 supra
773 1734 909 1768 dictum
933 1742 985 1768 est
1008 1734 1087 1778 (art.
1108 1736 1255 1781 praec),
1286 1735 1321 1768 in
1343 1733 1559 1780 quibusdam
1589 1744 1717 1768 eorum
1743 1733 1820 1768 fieri

251 1794 369 1833 potest
391 1795 628 1832 augmentum
650 1798 713 1833 per
735 1787 977 1821 additionem:
999 1795 1150 1833 augetur
1172 1787 1269 1821 enim
1299 1795 1421 1821 motus
1452 1798 1514 1833 per
1539 1787 1624 1829 hoc,
1658 1787 1755 1833 quod
1787 1787 1820 1821 ei

255 1839 388 1885 aliquid
412 1840 563 1882 additur,
586 1839 643 1874 vel
665 1840 865 1874 secundum
887 1848 1043 1886 ternpus,
1065 1842 1100 1874 in
1123 1851 1195 1886 quo
1218 1848 1281 1882 est,
1303 1839 1361 1874 vel
1394 1839 1594 1874 secundum
1620 1841 1730 1882 viam,
1756 1851 1820 1886 per

252 1904 360 1939 quam
383 1902 457 1927 est:
482 1901 516 1927 et
537 1901 659 1928 tamen
676 1901 801 1927 manet
816 1893 943 1927 eadem
958 1894 1096 1939 species
1116 1902 1262 1940 propter
1284 1894 1460 1928 unitatem
1482 1893 1645 1928 termini:
1670 1901 1820 1939 augetur

253 1947 362 1981 etiam
382 1947 619 1981 nihilominus
635 1956 755 1981 motus
771 1958 833 1993 per
847 1947 1090 1981 intensionem
1105 1947 1306 1981 secundum
1321 1947 1636 1993 participationem
1649 1947 1819 1992 subiecti;

253 1999 468 2045 inquantum
491 2000 629 2034 scilicet
649 2000 745 2034 idem
762 2008 882 2034 motus
902 2008 1020 2046 potest
1035 2002 1163 2046 magis,
1177 2000 1234 2034 vel
1250 2001 1368 2034 minus
1384 2000 1558 2046 expedite,
1580 2008 1641 2034 aut
1653 2007 1820 2047 prompte

253 2052 340 2086 fieri.
365 2053 539 2087 Similiter
560 2054 669 2088 etiam
700 2060 733 2087 et
763 2055 913 2088 scicntia
947 2061 1067 2100 potest
1088 2054 1211 2100 augeri
1241 2054 1442 2087 secundum
1463 2053 1620 2100 seipsam
1642 2064 1704 2100 per
1725 2053 1820 2087 addi-

253 2105 409 2140 tionem:
433 2106 524 2140 sicut
546 2118 630 2140 cum
653 2106 780 2152 aliquis
802 2106 920 2152 plures
945 2106 1198 2141 conclusiones
1223 2106 1456 2141 Geometriae
1480 2107 1643 2148 addiscit,
1669 2114 1820 2152 augetur

254 2160 289 2193 in
322 2170 365 2193 eo
395 2159 536 2193 habitus
564 2160 725 2204 ejusdem
754 2160 925 2194 scientiae
957 2159 1157 2194 secundum
1187 2160 1363 2206 speciem:
1397 2167 1548 2206 augetur
1581 2159 1819 2194 nihilominus

254 2212 403 2246 scientia
426 2213 461 2245 in
485 2212 605 2258 aliquo
629 2213 828 2246 secundum
845 2213 1159 2259 participationem
1181 2213 1332 2259 subjecti
1347 2224 1409 2260 per
1432 2213 1695 2255 intensionem;
1715 2220 1820 2259 prout

254 2265 391 2300 scilicet
413 2265 607 2311 expeditus,
631 2274 665 2300 et
687 2265 817 2300 clarius
840 2277 930 2300 unus
960 2267 1075 2301 horno
1105 2277 1142 2300 se
1164 2266 1273 2300 habet
1295 2266 1367 2300 alio
1389 2266 1426 2300 in
1448 2266 1586 2301 eisdem
1614 2265 1820 2301 conclusio·
1863 2294 1866 2296 .

254 2318 358 2352 nibus
378 2318 659 2352 considerandis.
675 2319 714 2352 In
729 2319 908 2353 habitibus
924 2327 1045 2354 autem
1068 2320 1317 2366 corporalibus
1332 2331 1405 2354 non
1420 2319 1577 2354 multum
1590 2319 1731 2354 videtur
1744 2318 1817 2353 fieri

255 2380 491 2417 augmentum
514 2383 576 2417 per
599 2372 838 2406 additionem:
863 2374 945 2418 quia
965 2384 1037 2406 non
1061 2373 1190 2407 dicitur
1211 2372 1347 2407 animal
1367 2384 1497 2407 sanum
1516 2372 1737 2418 simpliciter,
1759 2380 1821 2406 aut

254 2424 459 2471 pulchrum,
489 2425 558 2458 nisi
586 2425 785 2459 secundum
819 2436 948 2460 omnes
976 2434 1092 2472 partes
1122 2437 1203 2460 suas
1226 2426 1270 2460 sit
1298 2425 1388 2460 tale:
1412 2425 1509 2472 quod
1531 2434 1653 2460 autem
1675 2425 1719 2460 ad
1746 2435 1821 2472 per-

254 2477 442 2512 fectiorem
466 2479 861 2512 commensurationem
877 2479 1091 2525 perducatur
1116 2479 1176 2524 [al.
1192 2480 1459 2526 perducantur];
1481 2480 1553 2514 hoc
1575 2479 1754 2525 contingit
1770 2489 1820 2514 se-

255 2532 413 2565 cundum
436 2531 775 2565 transmutationem
799 2531 1018 2577 simplicium
1041 2532 1268 2578 qualitatum,
1283 2544 1374 2579 quae
1393 2544 1468 2567 non
1483 2540 1660 2579 augentur
1679 2532 1749 2566 nisi
1770 2542 1821 2566 se-

255 2585 412 2618 cundum
428 2585 670 2618 intensionem
686 2596 727 2618 cx
738 2593 836 2631 parte
853 2585 1001 2629 subjecti
1019 2586 1262 2632 participantis
1275 2599 1283 2628 3
1298 2586 1486 2632 quomodo
1501 2594 1622 2620 autem
1637 2596 1675 2620 se
1689 2585 1820 2619 habeat

256 2637 350 2671 circa
374 2638 534 2679 virtutes,
558 2637 648 2671 infra
671 2638 808 2672 dicetur
831 2639 877 2683 (q.
895 2639 952 2672 66.
976 2643 1040 2672 art.
1063 2639 1120 2683 1.).

328 2691 386 2724 An
403 2701 550 2726 Panium
567 2702 654 2736 ergo
670 2691 874 2731 dicendum,
890 2691 986 2736 quod
1003 2692 1112 2725 etiam
1129 2692 1162 2725 in
1179 2692 1428 2738 magnitudine
1445 2691 1627 2738 corporali
1641 2691 1820 2737 contingit

254 2743 430 2790 dztplisilcr
453 2752 706 2790 augmentum:
731 2756 794 2777 uno
817 2743 911 2777 modo
934 2755 995 2789 per
1011 2745 1233 2779 additionem
1252 2745 1403 2790 subjecti
1426 2745 1468 2779 ad
1484 2745 1705 2791 subiectum;
1727 2744 1820 2779 sicut

256 2805 307 2830 est
331 2797 363 2830 in
389 2805 585 2842 augmento
608 2797 826 2831 viventium:
849 2797 915 2831 alio
939 2797 1032 2831 modo
1061 2810 1122 2843 per
1144 2798 1261 2832 solam
1290 2799 1531 2833 intensionem
1561 2798 1696 2844 absque
1718 2797 1818 2832 omni

256 2850 459 2892 additione-3
482 2850 571 2884 sicut
595 2859 647 2884 est
668 2850 702 2883 in
726 2850 792 2891 his,
815 2861 906 2896 quae
929 2850 1109 2891 rare-liunt,
1137 2860 1174 2885 ut
1200 2852 1328 2886 dicitur
1350 2852 1385 2886 in
1407 2862 1440 2894 4.
1462 2851 1607 2898 Physic.
1635 2851 1713 2896 (lex.
1739 2851 1818 2897 93.)-
