1907 3198
591 197 816 234 QUAESTIO
850 201 907 231 VI.
940 202 1187 235 ARTICULUS
1221 206 1248 235 1.
1654 213 1705 256 73

132 281 187 308 est
207 285 326 321 agere,
347 276 406 311 vel
427 279 579 321 moveri,
600 289 748 328 propter
765 281 888 326 finem,
907 292 960 319 est
978 285 1196 332 principium
1212 287 1247 322 in
1263 288 1355 334 ipso,
1370 290 1432 324 sed
1447 291 1483 325 in
1499 291 1583 334 alio,
1599 304 1619 327 a
1637 305 1709 340 quo

131 327 165 362 ei
185 327 408 374 imprimitur
428 332 646 380 principium
668 346 755 370 suae
778 337 951 372 motionis
975 339 1009 372 in
1038 339 1166 374 finem:
1195 341 1290 376 unde
1316 342 1527 388 hujusmodi
1555 358 1628 381 non
1658 348 1709 382 di-

130 389 259 416 cuntur
280 395 429 420 movere
451 386 580 433 seipsa,
602 388 664 422 sed
688 389 730 423 ab
755 389 833 425 aliis
856 393 1015 426 moveri:
1039 405 1130 440 quae
1153 406 1240 429 vero
1263 396 1398 432 habent
1419 399 1587 434 notitiam
1617 401 1708 443 finis,

128 434 296 471 dicuntur
318 439 435 485 seipsa
457 451 624 483 movere;
648 443 732 489 quia
754 444 789 478 in
813 445 863 479 eis
885 454 938 480 est
959 447 1190 494 principium,
1213 461 1286 484 non
1308 451 1427 486 solum
1448 462 1485 487 ut
1504 463 1624 500 agant,
1647 457 1708 490 sed

127 489 238 524 etiam
260 499 298 526 ut
320 501 429 538 agant
450 503 597 541 propter
616 495 737 531 finem.
761 497 805 532 Et
825 499 920 541 ideo,
944 511 1027 535 cum
1051 510 1244 550 utrumque
1268 505 1312 539 sit
1334 506 1376 539 ab
1400 507 1597 543 intrinseco
1613 510 1708 555 prin-

127 542 235 590 cipio,
262 544 402 581 scilicet
427 548 524 594 quod
553 558 675 595 agunt,
703 559 737 586 et
764 552 861 598 quod
888 563 1036 601 propter
1062 555 1172 591 finem
1201 567 1323 603 agunt,
1351 559 1483 595 horum
1511 570 1645 605 motus,
1673 573 1708 599 et

126 605 227 632 actus
241 598 410 635 dicuntur
423 601 636 638 voluntarii:
660 604 731 639 hoc
752 614 874 641 autern
893 608 1067 655 importat
1084 621 1220 645 nomen
1236 613 1435 658 voluntarii,
1456 616 1552 662 quod
1573 626 1706 661 motus,

125 657 161 685 et
181 659 283 687 actus
303 653 349 688 sit
370 665 389 688 a
408 657 553 703 propria
574 657 830 703 inclinatione;
853 669 888 696 et
909 662 992 697 inde
1014 671 1078 705 est,
1098 665 1194 711 quod
1218 666 1466 703 voluntarium
1481 670 1612 706 dicitur
1627 684 1706 708 esse

122 705 324 741 secundum
346 708 597 746 definitionem
618 712 838 757 Aristotelis,
860 724 896 750 et
914 715 1087 763 Gregorii
1104 718 1273 766 Nysscni‚
1289 730 1323 756 et
1336 721 1559 759 Damasceni
1577 726 1654 770 (loc.
1671 728 1704 762 in

122 769 195 806 arg.
210 771 238 796 t.
252 761 338 807 sih),
360 773 434 797 non
457 763 577 800 solum
599 769 691 812 cujus
706 769 916 816 principium
937 776 980 805 es!
1002 773 1104 815 intra,
1128 773 1190 808 sed
1214 785 1296 809 cum
1321 776 1505 813 additione
1527 781 1703 821 scientiae:

121 812 230 858 unde,
251 825 337 850 cum
358 815 474 853 homo
496 819 655 856 maxime
678 832 880 869 cognoscat
900 822 1010 859 finem
1032 827 1088 861 sui
1109 827 1242 874 operis,
1256 837 1292 864 et
1310 840 1458 867 moveat
1471 833 1643 881 seipsum,
1665 835 1700 870 in

120 867 198 913 ejus
219 869 358 906 actibus
380 872 539 909 maxime
560 874 807 912 voluntarium
826 877 1017 914 invenitur.

192 921 254 958 AD
274 933 425 961 PRIMUM
447 937 536 973 ergo
557 928 765 974 dicendum,
791 932 889 978 quod
914 944 990 968 non
1017 945 1127 970 omne
1154 936 1373 984 principium
1401 949 1454 975 est
1480 941 1699 990 principium

118 974 296 1022 primum;
318 977 403 1014 licet
424 991 513 1027 ergo
535 981 579 1017 de
601 984 739 1019 ratione
762 985 958 1021 voluntarii
979 988 1034 1031 sit,
1057 990 1154 1036 quod
1177 991 1396 1039 principium
1418 995 1494 1040 ejus
1517 996 1561 1031 sit
1582 997 1696 1040 intra;

118 1040 194 1065 non
213 1037 338 1067 tamen
360 1041 414 1068 est
435 1043 562 1070 contra
583 1037 765 1073 rationem
786 1039 993 1084 voluntarii,
1015 1043 1113 1089 quod
1128 1045 1348 1092 principium
1363 1047 1600 1085 intrinsecum
1617 1062 1697 1086 cau-

118 1091 227 1127 setur,
243 1084 303 1120 vel
320 1096 513 1123 moveatur
534 1089 577 1124 ab
600 1092 768 1127 exteriori
790 1094 988 1141 principio:
1012 1097 1096 1143 quia
1115 1109 1188 1133 non
1209 1108 1262 1135 est
1277 1101 1320 1135 de
1335 1102 1476 1138 ratione
1490 1104 1698 1148 voluntarii,

117 1136 216 1184 quod
234 1138 455 1187 principium
477 1142 712 1180 intrinsecum
735 1146 780 1181 sit
801 1148 1019 1195 principium
1047 1151 1216 1198 primum.
1246 1153 1319 1189 Sed
1344 1163 1468 1192 tamen
1495 1158 1697 1203 sciendum,

115 1190 215 1238 quod
235 1192 414 1240 contingit
431 1194 578 1242 aliquod
597 1198 816 1246 principium
840 1212 961 1237 motus
977 1215 1055 1239 esse
1070 1206 1227 1251 primum
1245 1207 1279 1242 in
1295 1220 1440 1254 genere,
1456 1212 1553 1258 quod
1571 1221 1695 1249 tamen

114 1254 191 1280 non
211 1252 266 1280 est
283 1245 442 1293 primum
463 1248 695 1296 simpliciter:
718 1253 811 1289 sicut
832 1255 868 1289 in
887 1267 1020 1302 genere
1036 1257 1277 1296 alterabilium
1292 1263 1452 1309 primum
1472 1265 1628 1303 alterans
1643 1277 1697 1304 cst

114 1307 247 1345 corpus
267 1298 439 1344 coeleste,
460 1303 558 1350 quod
579 1311 704 1340 tamen
725 1318 799 1342 non
827 1316 881 1343 est
905 1310 1066 1356 primum
1094 1324 1248 1349 movens
1275 1316 1499 1363 simpliciter,
1526 1321 1588 1355 sed
1616 1333 1695 1357 mo-

111 1357 216 1386 vetur
234 1360 338 1388 motu
359 1352 469 1390 locali
491 1367 511 1391 a
531 1358 711 1404 superiori
732 1371 916 1397 movente.
934 1363 993 1398 Sic
1009 1365 1119 1411 igitur
1133 1368 1353 1416 principium
1375 1371 1611 1409 intrinsecum
1632 1387 1693 1411 vo-

110 1402 257 1440 luntarii
277 1414 390 1452 actus,
411 1409 510 1456 quod
531 1419 585 1446 est
597 1412 651 1447 vis
667 1416 931 1461 cognoscitiva‚
954 1426 990 1453 et
1008 1421 1216 1466 appetitiva,
1232 1431 1286 1458 est
1300 1424 1459 1470 primum
1474 1428 1691 1476 principium

109 1457 148 1494 in
167 1469 302 1506 genere
322 1462 509 1510 appetitivi
529 1473 664 1509 motus,
682 1469 849 1514 quamvis
871 1481 1064 1508 moveatur
1085 1474 1128 1509 ab
1152 1475 1275 1523 aliquo
1299 1480 1468 1515 exteriori
1489 1484 1690 1518 secundum

109 1510 199 1548 alias
218 1514 359 1561 species
379 1525 514 1553 motus.

178 1566 241 1603 AD
254 1578 465 1607 SECUNDUM
479 1571 688 1618 dicendum,
702 1577 800 1623 quod
822 1587 945 1614 motus
967 1581 1136 1618 animalis
1158 1596 1275 1620 novus
1297 1589 1529 1633 praevenitur
1542 1591 1688 1638 quidem

106 1619 152 1656 ab
169 1619 293 1668 aliquo
314 1624 483 1660 exteriori
504 1635 620 1671 motu,
641 1638 819 1676 quantum
842 1633 885 1667 ad
907 1633 983 1669 duo.
1012 1636 1085 1671 Uno
1105 1638 1212 1679 modo,
1236 1639 1453 1687 inquantum
1468 1655 1531 1690 per
1546 1654 1687 1681 motum

105 1675 324 1712 exteriorem
343 1688 593 1725 praesentatur
613 1685 735 1719 sensui
757 1686 925 1722 animalis
947 1688 1095 1736 aliquod
1110 1693 1291 1736 sensibile,
1307 1697 1404 1742 quod
1420 1699 1687 1745 apprehensum

105 1737 232 1766 movet
251 1732 470 1779 appetitum:
493 1734 587 1771 sicut
606 1735 666 1772 leo
688 1739 814 1775 videns
830 1752 979 1777 cervum
993 1755 1058 1790 per
1071 1746 1146 1791 ejus
1162 1756 1306 1782 motum
1323 1752 1687 1799 appropinquantem,

104 1782 232 1831 incipit
252 1787 394 1822 moveri
415 1788 460 1823 ad
480 1789 612 1836 ipsum.
627 1793 707 1828 Alio
727 1794 833 1837 modo,
850 1795 1066 1843 inquantum
1084 1812 1148 1846 per
1166 1802 1385 1838 exteriorem
1403 1814 1546 1841 motum
1561 1808 1687 1856 incipit

103 1836 308 1886 aliqualiter
331 1840 520 1878 immutari
543 1846 701 1881 naturali
727 1847 984 1886 immutatione
1012 1863 1144 1900 corpus
1167 1856 1347 1899 animalis,
1370 1868 1455 1904 puta
1478 1872 1540 1907 per
1561 1861 1684 1908 frigus,

101 1891 161 1927 vel
181 1891 360 1931 calorem:
383 1907 538 1944 corpore
560 1908 683 1936 autem
701 1901 909 1947 immutato,
925 1917 988 1952 per
1003 1916 1144 1943 motum
1162 1911 1349 1947 exterioris
1365 1915 1540 1961 corporis,
1556 1916 1687 1951 immu-

101 1953 198 1982 tatur
217 1947 329 1983 etiam
350 1960 415 1996 per
435 1951 605 1988 accidens
627 1956 806 2002 appetitus
823 1959 1028 2003 sensitivus‚
1050 1962 1111 2008 qui
1133 1972 1185 1998 est
1207 1965 1320 1999 virtus
1342 1968 1470 2013 organi
1493 1971 1679 2015 corporei:

99 1999 194 2036 sicut
210 2012 296 2037 cum
316 2013 360 2038 ex
381 2003 502 2052 aliqua
523 2005 737 2045 alteratione
760 2013 923 2059 corporis
947 2025 1229 2052 commoventur
1252 2020 1430 2066 appetitus
1450 2022 1493 2056 ad
1513 2026 1683 2072 concupi-

99 2053 290 2090 scientiam
311 2055 464 2105 alicujus
484 2059 552 2095 rei:
575 2061 638 2096 sed
659 2062 732 2098 hoc
753 2076 827 2100 non
851 2075 904 2101 est
925 2077 1052 2103 contra
1074 2071 1254 2106 rationem
1269 2073 1474 2118 voluntarii,
1491 2085 1529 2111 ut
1542 2077 1679 2113 dictum

99 2115 155 2143 est
175 2108 234 2154 (ad
252 2121 324 2157 arg.
338 2112 405 2157 r.).·
427 2112 640 2159 hujusmodi
661 2118 760 2153 enim
782 2120 965 2156 motiones
988 2122 1030 2157 ab
1054 2125 1223 2160 exteriori
1242 2127 1420 2175 principio
1436 2139 1518 2165 sunt
1534 2131 1679 2168 alterius

98 2161 253 2208 generis.

168 2215 231 2252 AD
252 2227 426 2256 'ri-:Ruunt
451 2220 658 2266 dicendum,
685 2226 782 2272 quod
809 2227 909 2263 Deus
936 2239 1061 2266 movet
1086 2231 1277 2269 hominem
1307 2236 1349 2270 ad
1378 2238 1573 2284 agendum,
1601 2252 1675 2276 non

96 2268 218 2306 solum
231 2270 326 2308 sicut
337 2284 546 2321 proponens
559 2278 681 2313 sensui
696 2281 900 2327 appetibile,
915 2283 973 2318 vel
995 2285 1088 2320 sicut
1108 2286 1307 2324 immutans
1329 2301 1472 2337 corpus,
1488 2294 1549 2327 sed
1565 2295 1674 2330 ctiam

96 2321 194 2359 sicut
213 2335 368 2362 movens
388 2327 506 2375 ipsam
527 2330 773 2368 voluntatem:
797 2335 881 2382 quia
903 2338 1022 2373 omnis
1043 2348 1164 2375 motus
1179 2349 1253 2376 tam
1269 2343 1478 2388 voluntatis,
1493 2359 1603 2393 quam
1617 2360 1664 2383 na

94 2383 199 2413 turae
212 2378 256 2414 ab
271 2390 316 2415 eo
330 2382 506 2428 procedit,
521 2383 615 2420 sicut
628 2397 648 2420 a
662 2386 781 2433 primo
797 2400 980 2426 movente.
996 2391 1040 2427 Et
1060 2394 1154 2429 sicut
1174 2406 1248 2431 non
1271 2406 1325 2432 est
1345 2407 1472 2434 contra
1495 2402 1672 2437 rationem

93 2438 245 2468 naturae
265 2434 364 2481 quod
385 2444 507 2472 motus
528 2446 678 2474 naturae
700 2441 745 2476 sit
763 2453 782 2476 a
796 2442 890 2486 Deo,
909 2444 1002 2480 sicut
1016 2458 1035 2480 a
1051 2447 1168 2494 primo
1185 2460 1368 2494 movente,
1383 2453 1598 2500 inquantum
1614 2468 1674 2490 na-

93 2491 174 2520 tura
195 2493 250 2522 est
268 2488 454 2534 quoddam
475 2489 756 2529 instrumentum
778 2495 848 2531 Dei
871 2500 1072 2536 moventis:
1094 2501 1142 2536 ita
1164 2515 1238 2538 non
1261 2513 1314 2539 est
1336 2515 1462 2541 contra
1491 2509 1670 2545 rationem

94 2545 196 2574 actus
215 2539 424 2586 voluntarii,
451 2544 548 2591 quod
575 2546 620 2581 sit
645 2558 666 2582 a
692 2547 786 2591 Deo,
812 2550 1028 2597 inquantum
1055 2554 1224 2592 voluntas
1251 2569 1271 2592 a
1297 2558 1378 2594 Deo
1406 2571 1591 2598 movetur:
1619 2573 1672 2599 est

91 2597 216 2628 tamen
238 2596 484 2632 communiter
504 2597 548 2634 de
570 2600 712 2637 ratione
730 2604 916 2648 naturalis,
931 2615 966 2641 et
980 2607 1175 2645 voluntarii
1192 2621 1325 2655 motus,
1341 2615 1438 2660 quod
1453 2616 1523 2650 sint
1542 2628 1560 2651 a
1580 2618 1671 2664 prin-

93 2643 191 2693 cipio
211 2646 420 2684 intrinseco.
