1875 3198
244 205 331 247 734
691 206 912 241 QUAESTIO
947 206 1002 235 CI.
1037 206 1282 236 ARTICULUS
1315 207 1342 236 I.

315 286 375 319 AD
398 296 585 325 QUARTUM
605 287 809 329 dicendum,
829 286 925 332 quod
940 286 1001 320 illa
1016 287 1107 321 ratio
1127 287 1451 321 caeremonialium
1466 296 1518 322 est
1531 288 1806 334 quodammodo

243 339 457 384 probabilis3
479 351 553 373 non
576 340 659 386 quia
682 351 722 374 ex
746 351 789 374 eo
812 341 976 374 dicantur
997 341 1265 383 caeremonialia,
1288 341 1371 386 quia
1393 352 1520 375 eorum
1547 342 1637 376 ratio
1658 354 1733 377 non
1755 351 1808 377 est

245 392 451 426 manifesta:
468 393 529 426 sed
552 393 622 427 hoc
645 400 697 427 est
719 393 904 439 quoddam
927 404 1172 439 consequens:
1196 393 1279 439 quia
1294 393 1391 428 enim
1406 403 1597 441 praecepta
1612 395 1656 429 ad
1670 395 1808 430 cultum

245 446 313 479 Dei
328 446 542 492 pertinentia
556 454 698 492 oportet
712 458 789 480 esse
804 445 980 492 figuralia,
997 454 1035 481 ut
1052 446 1143 481 infra
1162 447 1300 481 dicetur
1316 447 1396 492 (art.
1413 449 1516 494 seq.),·
1536 448 1619 482 inde
1633 456 1697 491 est,
1711 449 1808 495 quod

245 511 372 533 eorum
395 500 485 534 ratio
505 511 579 534 non
602 508 655 534 est
678 499 768 534 adeo
792 499 993 534 manifesta.

814 639 1161 685 ARTICULUS
1189 641 1245 684 Π.
1746 664 1806 701 543

421 747 577 776 UTRUM
605 747 859 777 PRAECEPTA
883 748 1241 778 CAEREMONIALIA
1268 749 1365 779 SINT
1390 749 1638 778 FIGURALIA.

342 834 445 880 (Infr.
477 846 508 880 q.
534 845 601 881 103.
635 839 698 869 art.
728 847 756 870 z.
787 841 879 881 corp.
910 840 937 869 el
969 835 1091 879 Quodl.
1121 847 1196 880 104.
1225 841 1288 870 art.
1318 847 1349 870 2.
1384 841 1413 870 et
1444 836 1522 871 locis
1550 837 1600 871 ibi
1630 837 1715 881 cit).

315 923 374 957 AD
395 933 601 957 SECUNDUM
617 923 667 957 sic
690 923 907 969 proceditur.
923 923 1086 965 Videtur,
1109 924 1205 970 quod
1227 932 1421 970 praecepta
1435 924 1718 959 caeremonialia
1734 936 1810 959 non

243 977 315 1011 sint
335 976 517 1022 figuralia:
541 977 695 1022 pertinet
717 978 814 1011 enim
830 977 872 1010 ad
889 976 1050 1010 officium
1071 977 1263 1022 cujuslibet
1280 977 1452 1020 doctoris,
1471 986 1510 1012 ut
1527 978 1576 1012 sic
1591 978 1810 1024 pronuntiet,

243 1039 282 1065 ut
303 1030 345 1064 de
367 1030 465 1064 facili
485 1030 639 1076 intelligi
660 1031 784 1077 possit,
812 1031 904 1065 sicut
931 1031 1026 1077 Aug.
1054 1031 1140 1065 dicit
1161 1032 1197 1065 in
1223 1041 1255 1074 4.
1284 1031 1326 1065 de
1352 1031 1479 1066 Doctr.
1503 1031 1638 1066 Christ.
1663 1031 1750 1078 (cap.
1777 1043 1810 1077 4.

243 1089 271 1119 ct
291 1085 382 1130 10.)‚·
408 1092 442 1118 et
462 1084 534 1118 hoc
557 1084 715 1117 maxime
737 1084 879 1118 videtur
901 1096 978 1119 esse
1000 1085 1250 1119 necessarium
1271 1085 1308 1118 in
1330 1084 1420 1130 legis
1442 1084 1594 1127 latione3
1613 1084 1698 1131 quia
1712 1095 1810 1131 prae-

245 1146 348 1184 cepta
367 1137 456 1183 legis
479 1137 616 1183 populo
639 1146 908 1184 proponuntur3
931 1138 1025 1172 unde
1049 1138 1099 1172 lex
1120 1138 1208 1173 debet
1225 1150 1284 1173 esse
1302 1139 1489 1184 manifesta,
1513 1146 1552 1172 ut
1571 1138 1698 1173 Isidor.
1726 1139 1813 1173 dicit

245 1191 318 1236 (lib.
336 1203 364 1237 5.
388 1192 500 1237 Etym.
516 1183 590 1237 cap.
618 1191 706 1235 21.)‚·
730 1191 759 1225 si
781 1191 889 1237 igitur
910 1199 1102 1237 praecepta
1126 1191 1407 1225 caeremonialia
1423 1191 1505 1226 data
1519 1191 1640 1225 sintin
1660 1190 1811 1237 alicujus

244 1245 295 1279 rei
316 1244 482 1290 figuram,
504 1244 645 1278 videtur
666 1244 966 1279 inconvenienter
987 1244 1175 1279 tradidisse
1196 1245 1410 1290 hujusmodi
1431 1252 1626 1291 praecepta
1651 1245 1811 1292 Moyses,

244 1310 318 1332 non
340 1309 524 1344 exponens
546 1298 630 1343 quid
654 1297 859 1344 figurarent.

316 1362 347 1385 2.
370 1351 607 1386 PRAETEREA.
631 1351 681 1384 Ea
709 1362 800 1397 quae
827 1351 863 1385 in
892 1350 1029 1385 cultum
1060 1351 1131 1385 Dei
1162 1359 1327 1397 aguntur,
1359 1351 1518 1386 maxime
1546 1352 1677 1386 debent
1702 1352 1814 1386 hone—

244 1413 373 1440 statem
395 1405 548 1438 habere:
572 1404 633 1438 sed
656 1404 774 1439 facere
798 1404 917 1450 aliqua
939 1404 1033 1439 facta
1049 1404 1092 1438 ad
1109 1404 1230 1450 aliqua
1249 1405 1564 1450 repraesentanda,
1578 1405 1721 1440 videtur
1735 1417 1812 1440 esse

244 1459 473 1500 theatricum,
484 1458 558 1492 sive
571 1458 773 1503 poeticum:
790 1457 827 1492 in
842 1458 990 1492 theatris
1006 1458 1103 1492 enim
1122 1458 1484 1503 repraesentabantur
1497 1458 1586 1492 olim
1601 1470 1664 1505 per
1681 1458 1813 1505 aliqua,

246 1524 337 1559 quae
360 1513 407 1546 ibi
429 1512 656 1558 gerebantur,
679 1512 858 1558 quaedam
881 1512 1038 1545 aliorum
1064 1511 1175 1554 facta3
1200 1522 1287 1557 ergo
1309 1511 1460 1555 videtur,
1483 1512 1580 1558 quod
1602 1512 1814 1558 hujusmodi

245 1578 319 1601 non
341 1566 494 1600 debeant
515 1565 591 1599 fieri
615 1565 657 1599 ad
681 1564 820 1599 cultum
846 1565 932 1599 Dei:
962 1565 1023 1599 sed
1052 1564 1336 1599 caeremonialia
1363 1565 1576 1600 ordinantur
1603 1565 1646 1599 ad
1675 1565 1813 1600 cultum

244 1620 325 1661 Dei,
345 1627 383 1653 ut
404 1619 541 1653 dictum
558 1627 610 1653 est
629 1619 710 1664 (art.
725 1620 854 1665 praec.)
868 1631 880 1659 ;
898 1630 985 1664 ergo
1003 1618 1286 1653 caeremonialia
1308 1629 1382 1653 non
1398 1619 1530 1653 debent
1544 1630 1621 1653 esse
1636 1618 1813 1665 figuralia.

319 1685 347 1719 3.
370 1673 607 1707 PRAETEREA.
635 1672 730 1717 Aug.
758 1672 844 1706 dicit
870 1673 904 1706 in
934 1672 1048 1706 Ench.
1077 1672 1168 1718 (cap.
1192 1673 1250 1718 3.),
1280 1672 1377 1718 quod
1403 1673 1494 1707 Deus
1519 1674 1665 1707 maxime
1691 1673 1814 1707 colitur

236 1727 314 1773 side,
337 1733 403 1772 spe,
421 1731 451 1760 et
472 1726 654 1760 charitate:
678 1725 738 1760 sed
762 1733 964 1772 praecepta,
982 1736 1073 1771 quae
1095 1725 1225 1759 dantur
1240 1725 1283 1759 de
1297 1725 1378 1767 fide,
1394 1737 1468 1771 spe,
1487 1732 1521 1760 et
1540 1726 1726 1768 charitate,
1740 1737 1813 1760 non

244 1789 328 1815 sunt
349 1780 530 1826 figuralia3
554 1791 640 1825 ergo
663 1787 855 1826 praecepta
879 1778 1161 1813 caeremonialia
1182 1790 1257 1813 non
1279 1778 1410 1813 debent
1432 1790 1509 1814 esse
1530 1779 1706 1826 figuralia.

314 1844 346 1876 4.
369 1834 606 1868 PRAETEREA.
626 1833 809 1867 Dominus
832 1833 918 1867 dicit
935 1832 1038 1878 Joan.
1058 1842 1108 1875 4:
1125 1833 1268 1879 Spiritus
1285 1837 1329 1867 est
1346 1833 1463 1873 Deus;
1483 1837 1513 1868 et
1533 1844 1583 1867 eos
1597 1834 1654 1878 qui
1673 1832 1815 1867 adorant

244 1901 330 1930 eum,
351 1889 383 1921 ia
398 1889 459 1933 spii
472 1889 516 1921 [tn
536 1892 564 1921 ct
580 1888 719 1921 veritate
740 1886 880 1921 adorare
903 1891 1049 1932 oporten-
1073 1886 1135 1920 sed
1151 1886 1265 1931 figura
1280 1897 1354 1920 non
1370 1894 1423 1920 est
1439 1886 1516 1932 ipsa
1532 1886 1681 1920 veritas:
1697 1886 1814 1920 immo

245 1950 369 1976 contra
391 1952 430 1975 se
452 1941 611 1974 invicem
634 1940 863 1982 dividuntur3
887 1951 975 1985 ergo
999 1939 1294 1981 caeremonialia,
1315 1950 1407 1986 quae
1422 1940 1603 1986 pertinent
1617 1939 1661 1974 ad
1676 1939 1814 1974 cultum

243 1995 324 2037 Dei,
347 2006 421 2028 non
444 1994 575 2028 debent
597 2005 674 2028 esse
696 1993 871 2039 figuralia.

317 2048 391 2082 SED
420 2058 575 2082 CONTRA
599 2055 662 2089 est,
686 2047 782 2093 quod
810 2046 978 2093 Apostol.
1006 2047 1091 2081 dicit
1113 2046 1157 2080 ad
1185 2046 1312 2080 Colos.
1341 2056 1392 2080 2.:
1420 2047 1526 2082 Nemo
1547 2046 1674 2093 judicet
1693 2058 1752 2081 vos
1777 2047 1813 2080 in

245 2103 328 2143 silvo,
353 2106 408 2135 ant
431 2103 463 2135 in
481 2106 574 2147 potu,
598 2105 655 2135 αιιι
678 2102 711 2134 in
726 2106 825 2147 parta
844 2101 1004 2146 dieifesti,
1026 2105 1082 2135 ant
1105 2101 1302 2142 neomeniae,
1323 2105 1380 2135 aut
1397 2101 1623 2142 sabbatorum,
1643 2111 1725 2146 quae
1741 2105 1815 2135 sunt

247 2156 366 2189 (ιιηῖηἰι
377 2155 589 2200 futurorum.

316 2208 546 2243 RssspoNqu
564 2207 770 2249 dicendum,
790 2207 899 2253 quod,
923 2208 1015 2242 sicut
1036 2208 1108 2252 jam
1129 2207 1267 2241 dictum
1290 2215 1343 2242 est
1363 2207 1600 2254 (art.praac.)‚
1624 2214 1815 2253 praecepta

246 2261 528 2296 caeremonialia
551 2261 729 2302 dicuntur,
757 2272 849 2306 quae
877 2261 1088 2295 ordinantur
1115 2260 1158 2294 ad
1186 2260 1324 2295 cultum
1350 2261 1432 2295 Dei.
1460 2260 1522 2295 Est
1549 2268 1671 2294 autem
1697 2259 1816 2306 duplex

246 2315 364 2349 cultus
386 2315 456 2348 Dei
480 2316 630 2355 interior,
654 2322 688 2348 et
710 2315 877 2348 exterior:
901 2326 984 2348 cum
1002 2314 1098 2348 enim
1121 2314 1236 2348 homo
1259 2314 1304 2348 sit
1326 2314 1551 2360 compositus
1569 2325 1611 2348 ex
1630 2313 1764 2355 anima,
1782 2321 1817 2347 et

246 2380 410 2415 corpore,
434 2376 626 2413 utrumque
655 2367 760 2401 debet
789 2367 960 2413 applicari
989 2368 1031 2401 ad
1060 2366 1255 2401 colendum
1287 2367 1428 2410 Deum;
1459 2375 1497 2401 ut
1525 2367 1665 2401 scilicet
1695 2366 1815 2400 anima

246 2422 343 2456 colat
368 2421 531 2455 interiori
558 2420 668 2462 cultu,
695 2428 729 2454 et
752 2432 882 2466 corpus
906 2420 1092 2461 exteriori;
1120 2421 1214 2455 unde
1249 2420 1380 2454 dicitur
1406 2420 1442 2454 in
1475 2419 1610 2454 Psalm.
1641 2419 1716 2465 83.:
1747 2419 1817 2455 Cor

245 2488 363 2516 inrum,
384 2480 411 2509 ct
438 2486 515 2509 citro
536 2486 605 2508 mea
628 2474 860 2508 exultaverunt
884 2475 916 2507 1'11
940 2474 1050 2507 Dium
1074 2475 1215 2508 vivum:
1239 2482 1273 2508 et
1295 2473 1386 2508 sicut
1409 2484 1540 2520 corpus
1568 2473 1754 2508 ordinatur
1779 2473 1815 2506 in

244 2529 365 2563 Deum
388 2540 450 2574 per
473 2529 646 2568 animam,
668 2527 721 2560 ita‘
740 2526 856 2560 cultus
880 2527 1035 2560 exterior
1058 2527 1243 2560 ordinatur
1266 2526 1309 2560 ad
1329 2527 1539 2561 interiorem
1554 2525 1710 2561 cultum:
1733 2536 1816 2560 con-

244 2582 335 2616 sistit
361 2590 482 2616 autem
515 2581 663 2614 interior
691 2580 807 2614 cultus
836 2580 869 2613 in
893 2581 977 2622 hoc,
1000 2580 1095 2626 quod
1120 2581 1241 2613 anima
1264 2581 1505 2626 conjungatur
1530 2580 1611 2614 Deo
1633 2590 1696 2626 per
1717 2578 1817 2614 intel-

243 2635 391 2676 lectum,
415 2643 448 2668 et
471 2633 661 2675 affectum3
685 2642 719 2667 et
746 2633 828 2667 ideo
856 2634 1057 2667 secundum
1086 2634 1181 2679 quod
1210 2633 1454 2668 diversimode
1476 2632 1692 2675 intellectus,
1715 2641 1750 2668 et
1771 2631 1817 2667 ef-

246 2688 358 2723 fectus
390 2688 542 2722 colentis
573 2688 693 2721 Deum
727 2687 809 2721 Deo
839 2695 934 2721 recte
968 2687 1211 2732 conjungitur,
1245 2687 1445 2721 secundum
1473 2687 1545 2721 hoc
1572 2686 1814 2721 diversimode

247 2742 440 2777 exteriores
463 2749 563 2775 actus
584 2740 744 2774 hominis
768 2740 810 2773 ad
835 2739 971 2774 cultum
995 2740 1061 2773 Dei
1085 2740 1321 2786 applicantur.

317 2795 355 2828 In
379 2803 471 2828 statu
497 2794 593 2828 enim
616 2793 756 2828 suturae
779 2793 1010 2827 beatitudinis
1033 2793 1236 2827 intellectus
1258 2794 1440 2828 humanus
1457 2793 1571 2840 ipsam
1587 2793 1746 2827 divinam
1761 2803 1818 2827 ve-

247 2849 386 2882 ritatem
411 2848 445 2881 in
473 2848 590 2893 seipsa
614 2847 824 2888 intuebitur;
847 2855 881 2880 et
908 2847 989 2880 ideo
1017 2846 1172 2881 exterior
1199 2847 1316 2881 cultus
1342 2858 1416 2881 non
1445 2846 1608 2881 consistit
1633 2847 1667 2880 in
1697 2845 1815 2892 aliqua

248 2901 372 2945 ligura,
400 2901 461 2935 sed
493 2901 611 2935 solum
644 2900 677 2934 in
710 2900 815 2934 laude
846 2899 926 2941 Dei,
955 2911 1047 2945 quae
1077 2900 1239 2945 procedit
1267 2912 1310 2934 ex
1338 2900 1499 2935 interiori
1529 2900 1751 2947 cognitione,
1781 2907 1815 2933 et

1870 2669 1875 2717 -Α
1868 2586 1875 2654 -..-
1867 2300 1875 2575 ...ψ
