1907 3198
31 556 48 620 »ἡ

499 208 717 244 QUAESTIO
752 207 900 239 LXXIII.
934 173 1180 238 AIITICULUS
1213 205 1303 235 vm.
1593 205 1678 247 527

112 291 209 339 quod
223 290 388 338 quamvis
410 290 485 337 ipse
499 300 573 324 non
587 289 761 332 intendat,
783 301 848 324 nec
868 288 959 324 sorte
980 287 1198 335 praevideat,
1221 286 1356 321 directe
1380 297 1443 332 per
1461 285 1532 320 hoc
1557 297 1682 332 aggra-

111 352 216 380 vatur
236 352 438 392 peccatum.

181 397 299 434 Aliter
319 407 442 433 tamen
464 397 604 432 videtur
625 408 662 431 se
684 397 817 431 habere
840 396 936 430 circa
958 402 1223 429 nocumentum
1240 392 1405 440 poenale,
1421 393 1517 439 quod
1534 393 1682 427 incurrit

109 452 198 500 ipse,
219 451 280 499 qui
301 459 438 498 peccat.
462 451 681 495 Huiusmodi
704 459 825 485 autem
847 457 1111 484 nocumentum
1140 449 1168 482 si
1196 460 1258 495 per
1286 447 1456 482 accidens
1483 459 1520 481 se
1548 447 1681 481 habeat

110 506 155 541 ad
177 513 298 540 actum
317 505 467 553 peccati,
490 513 524 539 et
545 516 619 539 non
642 505 686 539 sit
708 504 925 551 praevisum,
948 514 1014 537 nec
1038 503 1229 543 intentum,
1257 513 1331 535 non
1355 509 1530 547 aggravat
1557 512 1681 547 pecca-

109 567 200 602 tum,
221 570 338 606 neque
360 558 520 605 sequitur
543 559 720 603 majorem
743 558 958 604 gravitatem
973 556 1131 603 peccati:
1155 555 1246 590 sicut
1269 555 1297 589 si
1322 554 1450 601 aliquis
1473 566 1618 589 currens
1638 555 1682 588 ad

111 613 373 655 occidendum,
387 612 577 659 impingat,
600 620 634 646 et
653 611 772 646 laedat
799 611 865 646 sibi
887 612 1036 658 pedem:
1065 610 1093 644 si
1116 620 1202 644 vero
1230 609 1301 644 tale
1329 617 1592 643 nocumentum
1620 619 1683 655 per

110 677 148 702 se
171 674 413 713 consequatur
435 665 478 700 ad
501 674 622 700 actum
647 665 797 712 peccati,
820 664 904 698 licet
927 663 1017 698 sorte
1033 675 1098 698 nec
1116 663 1160 697 sit
1174 663 1393 710 praevisum,
1408 673 1475 697 nec
1491 663 1682 704 intentum,

110 728 196 758 tunc
218 721 335 767 majus
357 727 619 754 nocumentum
636 730 709 753 non
725 717 810 753 facit
831 718 975 764 gravius
991 725 1194 764 peccatum,
1214 717 1276 752 sed
1299 729 1317 751 e
1341 728 1520 751 converso
1537 716 1681 762 gravius

110 782 302 822 peccatum
323 773 460 808 inducit
486 773 630 820 gravius
657 780 936 807 nocumentum:
959 772 1051 806 sicut
1073 771 1202 818 aliquis
1225 770 1391 812 infidelis,
1419 770 1479 817 qui
1506 770 1595 804 nihil
1625 781 1683 804 au-

111 827 200 863 divit
225 827 269 862 de
299 827 427 875 poenis
447 825 589 869 inferni,
616 826 822 873 graviorem
845 837 1003 872 poenam
1031 825 1067 858 in
1089 824 1230 859 inferno
1258 824 1412 871 patietur
1439 835 1503 870 pro
1530 832 1681 870 peccato

106 880 312 923 homicidii,
337 891 446 927 quam
474 891 539 927 pro
566 888 717 927 peccato
744 878 838 922 furti,
858 879 941 925 quia
961 878 1058 913 enim
1079 878 1150 913 hoc
1174 890 1240 913 nec
1262 878 1426 920 intendit,
1449 889 1514 912 nec
1547 877 1682 924 praevi-

109 934 171 978 dit,
192 945 267 969 non
289 942 506 981 aggravatur
530 945 572 968 ex
595 933 666 968 hoc
698 941 907 980 peccatum;
934 932 1026 967 sicut
1048 932 1226 978 comingit
1248 932 1343 966 circa
1366 931 1525 974 fidelem,
1557 931 1616 977 qui
1639 943 1681 965 ex

108 987 182 1024 hoc
202 988 283 1036 ipso
302 987 444 1022 videtur
462 998 612 1034 peccare
640 987 797 1034 gravius,
828 986 924 1032 quod
954 987 1123 1031 majores,
1155 997 1290 1032 poenas
1315 985 1526 1027 contemnit,
1549 993 1587 1019 ut
1620 986 1683 1018 im-

109 1040 206 1090 pleat
226 1040 453 1076 voluntatem
475 1041 637 1088 peccati:
659 1040 720 1076 sed
744 1040 900 1087 gravitas
919 1039 1130 1086 hujusmodi
1148 1039 1358 1074 nocumenti
1379 1038 1498 1074 solum
1515 1047 1683 1074 causatur

112 1106 156 1131 ex
174 1095 349 1142 gravitate
371 1095 523 1142 peccati.

181 1149 242 1185 AD
263 1158 412 1184 Palmum
440 1159 528 1194 ergo
550 1148 757 1190 dicendum,
779 1147 888 1194 quod,
916 1147 1008 1182 sicut
1034 1147 1144 1182 etiam
1171 1158 1278 1194 supra
1306 1147 1442 1182 dictum
1471 1155 1524 1182 est
1550 1147 1597 1194 (q.
1625 1158 1680 1182 20.

110 1208 176 1239 art.
193 1203 252 1250 5.),
276 1213 360 1238 cum
382 1202 426 1237 de
446 1202 619 1244 bonitate,
638 1210 672 1236 et
695 1201 832 1236 malitia
851 1201 1071 1236 exteriorum
1093 1209 1239 1236 actuum
1262 1209 1439 1247 ageretur,
1459 1209 1608 1235 eventus
1631 1212 1682 1235 se-

109 1267 236 1305 quens,
256 1255 285 1291 si
307 1256 353 1291 sit
373 1255 569 1303 praevisus,
591 1264 626 1290 et
647 1255 816 1298 intentus,
839 1255 936 1289 addit
955 1255 998 1289 ad
1020 1255 1233 1297 bonitatem,
1255 1254 1313 1288 vel
1336 1254 1513 1289 malitiam
1536 1263 1648 1289 actus.

181 1309 243 1344 AD
257 1319 465 1345 SECUNDUM
479 1309 685 1350 dicendum,
704 1308 801 1355 quod
821 1308 987 1355 quamvis
1001 1315 1264 1342 nocumentum
1279 1316 1453 1354 aggravet
1471 1316 1680 1355 peccatum;

109 1373 185 1398 non
193 1370 317 1398 tamen
325 1362 496 1409 sequitur,
507 1362 605 1409 quod
624 1373 666 1397 ex
680 1361 761 1397 solo
776 1369 1000 1396 nocumento
1015 1370 1205 1408 peccatum
1221 1370 1456 1408 aggravetur:
1475 1362 1680 1408 quinimmo

111 1423 303 1464 peccatum
314 1426 377 1463 per
386 1427 424 1453 se
438 1423 492 1450 est
505 1415 650 1462 gravius
662 1423 810 1463 propter
823 1415 1143 1457 inordinationem,
1159 1422 1195 1449 ut
1210 1426 1317 1462 supra
1332 1415 1469 1450 dictum
1485 1424 1538 1450 est
1555 1416 1635 1459 (art.
1652 1427 1680 1462 3.

111 1469 254 1517 huj.q.);
264 1469 360 1504 unde
374 1477 410 1504 et
419 1469 538 1517 ipsum
558 1477 821 1504 nocumentum
834 1477 1218 1516 aggravatpeccatum,
1229 1469 1442 1516 inquantum
1459 1468 1544 1504 facit
1559 1478 1680 1504 actum

59 1550 61 1555 .
110 1533 189 1559 esse
199 1523 315 1570 magis
325 1522 591 1558 inordinatum:
606 1523 784 1558 undenon
795 1523 966 1569 sequitur,
977 1523 1074 1569 quod
1086 1523 1388 1558 sinocumentum
1403 1523 1561 1558 maxime
1572 1523 1682 1558 habet

59 1575 65 1579 ”
109 1575 234 1613 locum
256 1577 292 1611 in
313 1577 483 1625 peccatis,
505 1588 597 1624 quae
619 1585 701 1612 sunt
723 1584 848 1611 contra
871 1577 1090 1624 proximum,
1111 1576 1171 1611 illa
1193 1585 1342 1624 peccata
1359 1577 1429 1612 sint
1443 1577 1678 1624 gravissima:

109 1630 194 1679 quia
214 1630 332 1666 multo
354 1631 471 1677 major
491 1630 712 1665 inordinatio
734 1630 914 1665 invenitur
935 1631 971 1665 in
999 1631 1168 1677 peccatis,
1187 1642 1279 1678 quae
1302 1639 1384 1666 sunt
1406 1639 1531 1666 contra
1546 1631 1680 1673 Deum,

113 1692 149 1720 et
168 1684 204 1719 in
226 1684 443 1733 quibusdam
465 1695 605 1728 eorum,
620 1696 711 1732 quae
726 1693 808 1719 sunt
822 1692 949 1719 contra
964 1685 1142 1732 seipsum:
1167 1692 1201 1719 et
1215 1693 1337 1719 tamen
1352 1693 1471 1732 potest
1485 1685 1568 1728 dici,
1583 1686 1679 1732 quod

113 1738 180 1774 etsi
199 1738 282 1774 Deo
303 1738 424 1773 nullus
445 1738 559 1786 possit
579 1749 712 1773 nocere
735 1746 909 1785 quantum
940 1738 983 1772 ad
1018 1739 1094 1784 ejus
1124 1738 1382 1781 substantiam
1410 1747 1529 1786 potest
1557 1747 1679 1773 tamen

111 1799 376 1828 nocumentum
395 1800 570 1827 attentare
585 1792 621 1826 in
639 1792 707 1834 his,
722 1803 814 1838 quae
829 1792 898 1826 Dei
913 1800 1014 1834 sunt;
1036 1792 1129 1826 sicut
1143 1792 1354 1839 extirpando
1370 1791 1491 1835 fidem,
1505 1792 1679 1827 violando

109 1856 225 1888 sacra,
243 1857 336 1893 quae
358 1854 441 1881 sunt
461 1854 611 1893 peccata
633 1846 866 1892 gravissima:
889 1845 954 1880 sibi
978 1846 1088 1880 etiam
1111 1845 1239 1892 aliquis
1266 1846 1484 1892 quandoque
1512 1847 1680 1889 scienter,

109 1907 145 1935 et
163 1898 330 1934 volenter
350 1898 457 1934 infert
482 1908 771 1941 nocumentum;
794 1899 886 1934 sicut
907 1907 1004 1946 patet
1026 1900 1061 1933 in
1089 1899 1157 1942 his,
1191 1900 1251 1946 qui
1282 1912 1319 1934 se
1348 1900 1570 1942 interimunt,
1597 1900 1682 1935 licet

109 1951 264 1988 finaliter
281 1953 353 1988 hoc
374 1952 531 1988 referant
552 1953 596 1987 ad
615 1952 761 2000 aliquod
784 1953 922 1987 bonum
950 1964 1139 2000 apparens,
1167 1961 1252 2000 puta
1283 1953 1326 1988 ad
1355 1953 1439 1996 hoc,
1470 1954 1567 2001 quod
1597 1953 1682 1988 libe-

110 2014 233 2042 rentur
254 2006 297 2041 ab
320 2005 441 2053 aliqua
462 2006 639 2053 angustia.

180 2059 242 2095 AD
264 2070 436 2096 TERTmM
459 2060 666 2102 dicendum,
688 2060 785 2107 quod
808 2059 868 2094 illa
891 2060 982 2095 ratio
1002 2071 1075 2096 non
1099 2060 1258 2108 sequitur
1280 2069 1426 2108 propter
1455 2061 1538 2096 duo:
1562 2062 1675 2108 primo

110 2112 270 2161 quidem,
300 2113 385 2161 quia
412 2113 600 2148 homicida
629 2114 780 2148 intendit
809 2113 943 2149 directe
972 2123 1236 2149 nocumentum
1271 2115 1445 2162 proximi3
1481 2114 1680 2150 fornicator

100 2163 246 2217 'autem‚
267 2167 328 2215 qui
340 2176 517 2215 provocat
530 2167 734 2210 mulierem,
755 2179 827 2202 non
842 2167 995 2203 intendit
1010 2177 1287 2210 nocumentum,
1302 2169 1363 2203 sed
1380 2168 1677 2203 delectationem:

109 2220 262 2265 secundo,
283 2221 368 2268 quia
384 2221 572 2256 homicida
594 2230 647 2256 est
669 2233 730 2268 per
753 2232 801 2263 se,
824 2230 858 2256 et
879 2220 1062 2256 sufficiens
1085 2233 1194 2257 causa
1218 2221 1418 2269 corporalis
1441 2223 1584 2257 mortis:
1613 2223 1680 2269 spi-

109 2272 246 2310 ritualis
267 2282 390 2310 autem
408 2275 536 2310 mortis
554 2274 674 2309 nullus
697 2282 815 2321 potest
836 2286 914 2310 esse
938 2274 1039 2310 alteri
1062 2287 1169 2310 causa
1187 2287 1248 2322 per
1267 2287 1316 2318 se,
1332 2284 1366 2310 et
1381 2275 1580 2311 sufficiens:
1596 2277 1678 2323 quia

108 2326 229 2364 nullus
248 2327 480 2376 spiritualiter
501 2328 666 2371 moritur,
688 2328 757 2363 nisi
778 2329 923 2375 propria
946 2328 1133 2364 voluntate
1156 2330 1356 2376 peccando.

677 2458 1022 2504 ARTICULUS
1053 2461 1128 2504 IX.
1467 2497 1474 2502 -
1614 2483 1675 2519 395

98 2548 262 2597 JJTRUM
283 2553 521 2587 PECCATUM
538 2555 831 2586 AGGRAVETUR
847 2556 1086 2587 SECUNDUM
1101 2557 1417 2588 CONDITIONEM
1437 2557 1675 2596 PERSONAE,

667 2615 710 2646 IN
731 2615 856 2650 QUAM
876 2617 1123 2647 PECCATUR.

62 2729 69 2742 ,
135 2680 216 2727 (2-2.
230 2693 262 2731 q.
277 2683 329 2720 61.
343 2689 406 2720 art.
423 2696 453 2721 2.
467 2684 511 2720 ad
523 2697 548 2730 3.
570 2690 599 2720 et
620 2690 683 2720 art.
698 2686 730 2720 8.
746 2692 833 2732 corp.
849 2691 878 2720 ct
891 2698 920 2732 q.
937 2687 986 2731 65.
1002 2692 1066 2722 art.
1083 2699 1114 2730 4.
1130 2692 1158 2722 cl
1173 2693 1263 2733 part.
1279 2699 1306 2733 3.
1319 2699 1348 2734 q.
1364 2689 1419 2722 Sc).
1436 2693 1500 2722 art.
1514 2699 1541 2733 5.
1561 2694 1654 2734 corp.

291 2736 320 2768 a!
340 2744 368 2769 1.
390 2732 478 2768 Disl.
499 2744 554 2769 πο.
576 2738 640 2767 art.
664 2744 694 2768 2.
717 2740 805 2779 corp.
827 2739 856 2768 ct
877 2742 985 2781 opusc.
1006 2746 1032 2780 3.
1056 2742 1130 2781 cap.
1153 2736 1223 2780 238.
1246 2736 1302 2775 tin.
1320 2741 1348 2770 ct
1373 2736 1421 2770 I's.
1446 2747 1493 2770 12.

496 2786 526 2816 et
546 2781 639 2816 Rom.
659 2792 690 2816 2.
712 2781 780 2816 lect.
803 2792 833 2816 2.
853 2787 881 2816 ct
902 2793 929 2818 1.
952 2789 1043 2829 corp.
1067 2794 1117 2817 ιη.
1140 2782 1211 2817 lect.
1237 2784 1294 2828 7.).

181 2853 242 2891 ΑΙ)
261 2864 403 2892 nomn(
424 2855 475 2892 sic
497 2856 715 2904 proceditur.
738 2856 899 2900 Videtur,
922 2859 1017 2905 quod
1042 2867 1188 2905 propter
1211 2859 1460 2894 conditionem
1485 2870 1674 2905 personae,

111 2902 149 2943 In
167 2917 278 2955 quam
299 2917 480 2957 peccatur,
502 2919 692 2958 peccatum
708 2922 780 2945 non
804 2920 1038 2958 aggravetur:
1062 2911 1089 2947 si
1113 2913 1211 2948 enim
1231 2913 1300 2947 hoc
1324 2922 1429 2956 esset,
1445 2914 1602 2948 maxime
1617 2925 1674 2959 ag-
