1907 3182
232 186 315 240 348
637 199 858 234 QUAESTro
894 200 1009 228 xmx.
1044 199 1289 229 ARTICULUS
1323 200 1380 229 1v.

303 280 362 313 AD
383 290 555 314 TERTIUM
577 280 782 322 dicendum,
805 280 901 326 quod
924 291 998 313 non
1024 280 1122 313 idem
1149 279 1291 314 habitus
1318 291 1356 314 se
1382 280 1491 314 habet
1518 280 1562 314 ad
1588 280 1738 323 bonum,
1765 288 1798 315 et

231 332 382 375 malum,
405 333 495 367 sicut
518 333 608 367 infra
630 334 764 379 patebit
785 334 832 379 (q.
851 345 903 379 54.
928 338 989 367 art.
1010 334 1067 378 3.),
1091 332 1219 366 eadem
1241 341 1362 367 autem
1385 334 1547 380 potentia
1569 344 1606 367 se
1625 334 1734 368 habet
1755 334 1799 368 ad

229 386 378 428 bonum,
402 394 437 421 et
458 386 608 429 malum,
627 395 661 420 et
675 387 756 420 ideo
776 386 971 420 necessarii
989 394 1071 419 sunt
1084 385 1239 428 habitus,
1258 394 1296 420 ut
1313 388 1496 432 potentiae
1516 387 1800 422 determinentur

231 439 277 473 ad
298 439 447 473 bonum.

787 674 1143 734 QUAESTIO
1186 674 1240 720 L.

326 798 389 828 DE
428 796 658 837 SUBJECTO
698 796 965 835 HABITUUM‚
1008 797 1059 828 IN
1098 797 1183 828 SEX
1223 797 1485 829 ARTICULOS
1523 797 1699 829 DIVISA.

299 917 441 952 Deinde
464 917 768 951 considerandum
791 926 843 951 est
866 918 908 952 de
931 918 1094 962 subjecto
1115 918 1316 952 habituum.

743 1006 786 1039 Et
807 1006 897 1039 circa
919 1006 977 1040 hoc
999 1011 1205 1051 quaeruntur
1225 1017 1289 1041 sex.

300 1075 437 1110 Primo.
461 1076 594 1110 Utrum
616 1076 651 1110 in
675 1087 826 1122 corpore
849 1077 893 1111 sit
915 1077 1042 1123 aliquis
1064 1077 1217 1111 habitus.

301 1129 482 1164 Secundo.
506 1129 638 1163 Utrum
658 1130 778 1164 anima
801 1130 845 1164 sit
865 1131 1069 1176 subjectum
1083 1131 1227 1165 habitus
1246 1129 1448 1165 secundum
1465 1141 1570 1164 suam
1593 1129 1800 1171 essentiam,

229 1182 288 1217 vel
309 1183 510 1216 secundum
537 1194 641 1217 suam
664 1183 875 1229 potentiam.

301 1235 438 1270 Tertio.
464 1237 595 1270 Utrum
617 1238 652 1270 in
674 1237 843 1283 potentiis
866 1237 1059 1271 sensitivae
1082 1238 1191 1284 partis
1214 1238 1327 1284 possit
1349 1249 1426 1272 esse
1448 1237 1575 1284 aliquis
1597 1237 1750 1272 habitus.

303 1290 456 1331 Quarto.
481 1291 612 1325 Utrum
634 1291 671 1324 in
693 1293 770 1337 ipso
793 1291 977 1326 intellectu
999 1292 1045 1326 sit
1067 1292 1194 1338 aliquis
1215 1292 1369 1327 habitus.

302 1344 454 1385 Quinto.
478 1345 609 1378 Utrum
633 1345 669 1379 in
690 1345 875 1379 voluntate
897 1345 942 1379 sit
964 1345 1091 1391 aliquis
1113 1346 1266 1381 habitus.

302 1398 424 1432 Sexto.
449 1398 579 1432 Utrum
601 1399 636 1432 in
659 1398 864 1433 substantiis
887 1399 1070 1445 separatis.

799 1522 1145 1567 ARTICULUS
1183 1523 1215 1565 I.
1733 1543 1796 1578 271

521 1630 675 1659 UTRUM
702 1630 745 1660 IN
774 1630 975 1660 CORPORE
1003 1631 1069 1659 Sir
1099 1630 1274 1665 Arionis
1304 1630 1507 1659 HABITus.

299 1717 359 1751 AD
382 1727 530 1751 PRIMUM
553 1717 602 1750 sic
627 1717 842 1762 proceditur.
865 1717 1028 1759 Videtur,
1048 1717 1144 1763 quod
1164 1718 1199 1750 in
1223 1728 1375 1764 corpore
1393 1727 1468 1750 non
1490 1716 1533 1750 sit
1556 1715 1684 1762 aliquis
1703 1715 1802 1750 habi-

229 1778 303 1805 tus:
327 1778 365 1803 ut
379 1770 478 1804 enim
501 1769 784 1804 Commentator
806 1770 892 1804 dicit
913 1771 949 1804 in
975 1782 1002 1816 3.
1026 1771 1069 1805 de
1093 1771 1228 1804 Anima
1251 1770 1439 1815 (comment.
1463 1771 1551 1815 18.):
1574 1769 1721 1804 Habitus
1741 1774 1794 1809 est,

229 1836 291 1869 quo
313 1825 384 1869 quis
405 1825 484 1869 agit,
508 1836 581 1858 cum
604 1824 767 1859 voluerit:
797 1824 859 1858 sed
883 1824 1046 1859 actiones
1069 1824 1277 1870 corporales
1299 1835 1373 1858 non
1397 1824 1583 1870 subjacent
1608 1823 1798 1865 voluntati,

230 1889 313 1911 cum
336 1879 405 1912 sint
426 1877 626 1920 naturales;
647 1889 734 1923 ergo
756 1878 792 1911 in
816 1889 969 1924 corpore
992 1889 1066 1911 non
1089 1886 1208 1924 potest
1230 1889 1308 1912 esse
1337 1877 1465 1923 aliquis
1487 1877 1644 1911 habitus.

301 1941 332 1964 2.
355 1931 591 1965 PRAETEREA„
617 1931 759 1966 Omnes
781 1931 1035 1977 dispositiones
1063 1930 1270 1977 corporales
1297 1938 1380 1965 sunt
1405 1929 1510 1965 facile
1537 1929 1710 1965 mobiles:
1737 1930 1800 1964 sed

229 1984 370 2018 habitus
395 1992 446 2018 est
468 1984 621 2030 qualitas
649 1984 793 2019 difficile
822 1985 986 2027 mobili33
1014 1996 1100 2030 ergo
1123 1984 1222 2018 nulla
1245 1984 1433 2030 dispositio
1462 1983 1661 2030 corporalis
1683 1991 1801 2030 potest

231 2049 307 2072 esse
329 2038 482 2072 habitus.

305 2101 333 2134 3.
352 2091 588 2126 PRAETEREA.
613 2091 755 2126 Omnes
775 2091 1028 2137 dispositiones
1050 2090 1256 2137 corporales
1279 2091 1466 2136 subiacent
1489 2090 1712 2125 alterationi:
1737 2090 1798 2124 sed

231 2143 394 2178 alteratio
417 2156 490 2178 non
514 2153 566 2179 est
586 2145 655 2178 nisi
681 2145 715 2178 in
738 2145 842 2178 tertia
869 2145 989 2190 specie
1016 2144 1208 2190 qualitatis,
1236 2155 1328 2190 quae
1353 2144 1522 2178 dividitur
1549 2151 1674 2178 contra
1702 2143 1799 2177 habi-

229 2204 324 2239 tum;
348 2209 435 2243 ergo
458 2197 578 2232 nullus
599 2198 741 2231 habitus
765 2206 817 2232 est
836 2200 871 2231 in
894 2209 1056 2244 corpore.

304 2251 377 2285 SED
393 2262 547 2286 CONTRA
571 2259 635 2293 est,
655 2251 750 2297 quod
770 2251 906 2285 Philos.
927 2251 962 2285 in
978 2251 1286 2285 praedicamentis
1306 2251 1396 2297 (cap.
1412 2250 1448 2285 de
1464 2251 1583 2296 Qual.)
1607 2250 1798 2284 sanitatem

231 2304 405 2350 corporis,
427 2304 485 2338 vel
504 2304 720 2338 infirmatem
744 2304 996 2346 insanabilem,
1019 2305 1165 2338 lmbitnm
1194 2304 1375 2338 nominari
1397 2304 1493 2338 dicit.

301 2357 530 2392 RESPONDEO
559 2358 762 2399 dicendum,
785 2358 893 2404 quod,
916 2358 1008 2392 sicut
1038 2369 1146 2404 supra
1168 2358 1305 2392 dictum
1328 2365 1381 2391 est
1413 2359 1458 2403 (q.
1478 2364 1594 2404 praec.
1618 2362 1683 2392 art.
1712 2368 1742 2391 2.
1770 2368 1798 2402 3.

230 2416 260 2446 et
277 2411 340 2455 4.),
363 2411 505 2445 habitus
532 2419 584 2445 est
606 2412 784 2456 quaedam
807 2411 994 2457 dispositio
1018 2411 1168 2456 alicujus
1191 2411 1342 2456 subjecti
1364 2411 1547 2445 existentis
1569 2410 1605 2443 in
1627 2409 1800 2456 potentia,

231 2464 289 2499 vel
311 2465 354 2498 ad
376 2463 546 2506 formam,
574 2464 630 2498 vel
654 2465 696 2497 ad
720 2465 980 2510 operationem.
1005 2464 1215 2498 Secundum
1239 2475 1326 2509 ergo
1349 2464 1446 2510 quod
1465 2463 1607 2498 habitus
1629 2463 1801 2508 importat

230 2517 507 2564 dispositionem
531 2517 574 2551 ad
598 2518 860 2563 operationem,
891 2517 1009 2551 nullus
1044 2518 1187 2551 habitus
1210 2526 1263 2552 est
1295 2517 1540 2564 principaliter
1567 2518 1602 2551 in
1634 2527 1800 2563 corpore,

231 2572 322 2605 sicut
345 2571 379 2604 in
403 2571 584 2615 subjecto:
610 2571 729 2603 onmis
752 2572 848 2604 enim
877 2571 1039 2616 operatio
1063 2571 1225 2617 corporis
1249 2578 1301 2605 est
1329 2578 1388 2605 aut
1412 2582 1430 2604 a
1453 2569 1606 2604 naturali
1629 2569 1800 2616 qualitate

232 2625 406 2670 corporis,
430 2631 490 2658 aut
516 2631 568 2658 est
588 2624 629 2657 ab
658 2624 778 2657 anima
807 2632 977 2658 movente
1002 2636 1143 2670 corpus,
1166 2632 1342 2670 quantum
1370 2624 1477 2670 igitur
1499 2623 1543 2657 ad
1571 2623 1650 2657 illas
1678 2633 1802 2669 opera-

231 2679 360 2719 tiones,
383 2689 474 2723 quae
494 2685 575 2711 sunt
597 2689 615 2711 a
639 2685 775 2718 natura,
796 2688 867 2710 non
892 2677 1091 2722 disponitur
1115 2689 1244 2723 corpus
1264 2689 1326 2723 per
1339 2677 1496 2723 aliquem
1516 2676 1700 2710 habitum:
1717 2675 1800 2722 quia

231 2732 379 2765 virtutes
401 2731 582 2765 naturales
612 2738 694 2764 suut
716 2731 974 2764 determinatae
999 2731 1040 2764 ad
1069 2742 1192 2764 unum.
1221 2731 1369 2764 Dictum
1393 2738 1447 2765 est
1473 2738 1595 2764 autem
1621 2731 1667 2776 (q.
1686 2736 1799 2776 praec.

233 2790 296 2819 art.
318 2786 379 2830 4),
403 2785 499 2830 quod
520 2783 710 2818 habitualis
730 2783 917 2828 dispo<itio
938 2784 1138 2829 requiritur,
1155 2784 1211 2817 ubi
1232 2784 1433 2829 subjectum
1456 2790 1508 2818 est
1530 2783 1565 2816 in
1581 2782 1740 2829 potentia
1757 2781 1799 2816 ad

233 2837 357 2871 multa.
375 2838 617 2884 Ope-rationes
632 2848 730 2878 vero,
746 2848 836 2882 quae
856 2837 993 2870 suntab
1011 2837 1130 2870 anima
1152 2849 1214 2882 per
1230 2848 1372 2883 corpus,
1392 2836 1636 2883 principaliter
1653 2835 1799 2882 quidem

234 2899 315 2925 suut
338 2892 447 2937 ipsius
472 2891 624 2932 animae,
652 2890 865 2924 secundario
891 2901 975 2923 vero
1000 2890 1109 2934 ipsius
1133 2890 1310 2936 corporis:
1335 2890 1477 2924 habitus
1506 2897 1625 2923 autem
1654 2899 1801 2935 propor-
