1907 3198
459 175 682 229 QUAESTIO
715 192 908 223 Lxxxvu.
941 191 1190 223 ARTICULUS
1223 191 1279 221 lv.
1570 181 1649 222 621

85 282 209 315 catum
241 282 296 311 est
326 282 515 322 percutere
545 274 759 322 principem,
789 286 900 322 quam
929 282 1118 322 percutere
1147 273 1339 309 hominem
1364 273 1562 320 privatum:
1588 273 1659 308 Dei

85 336 207 365 autem
227 328 442 376 magnitudo
464 337 519 364 est
538 328 694 372 infinita3
715 339 806 375 ergo
827 340 946 376 poena
968 328 1107 364 infinita
1128 327 1278 363 debetur
1295 338 1361 374 pro
1380 335 1543 373 peccato,
1561 326 1659 374 quod

85 389 213 418 contra
232 381 355 418 Deum
375 382 626 417 committitur.

159 446 190 483 3.
210 434 449 471 PRAETEREA.
472 435 665 482 Dupliciter
685 443 740 470 est
761 435 897 482 aliquid
920 435 1120 471 infinitum:
1139 435 1314 470 duratione
1336 434 1486 477 scilicet,
1508 442 1544 470 et
1560 446 1663 481 quan-

85 490 200 526 titan.-
221 488 285 525 sed
305 489 495 524 duratione
517 497 570 524 est
591 500 710 536 poena
730 489 889 531 infinita;
911 501 1000 536 crgo
1023 498 1057 524 et
1079 489 1289 536 quantitate.

157 541 234 578 San
255 553 411 579 CONTRA
433 550 498 585 est,
525 543 623 590 quod
654 543 855 578 secundum
886 544 956 578 hoc
988 543 1155 578 omnium
1185 551 1420 590 peccatorum
1450 542 1661 578 mortalium

84 606 227 643 poenae
247 604 370 632 essent
389 596 577 644 aequales:
601 608 676 632 non
698 597 797 632 enim
819 605 872 632 est
894 597 1074 632 inlinitum
1098 597 1238 631 infinito
1261 598 1389 642 majus.

156 648 388 687 strouneo
409 650 617 692 dicendum,
639 650 736 698 quod
758 661 875 698 poena
898 651 1197 697 proportionatur
1230 659 1406 697 peccato:
1440 650 1477 684 in
1510 657 1662 696 peccato

86 711 210 739 autem
229 703 294 739 duo
313 713 414 746 sunt;
436 716 593 751 quorum
615 717 717 739 unum
740 713 793 739 est
815 705 957 740 aversio
979 705 1022 739 ab
1046 703 1340 739 incommutabili
1361 704 1472 746 bono,
1493 703 1591 750 quod
1610 710 1664 738 est

85 751 290 794 infinitum:
310 758 406 794 unde
426 769 470 793 ex
491 758 560 793 hac
583 767 683 805 parte
705 767 895 805 peccatum
919 767 972 793 est
993 758 1195 795 infinitum:
1217 758 1322 801 aliud,
1341 758 1440 805 quod
1459 757 1567 793 estin
1584 767 1666 804 pec·

86 818 183 854 cato,
203 819 258 846 est
276 810 482 847 inordinata
504 812 697 847 conversio
719 812 764 846 ad
787 812 1049 847 commutabile
1071 813 1230 846 bonum:
1253 820 1288 847 et
1310 823 1352 846 ex
1379 811 1448 846 hac
1466 819 1567 859 parte
1585 821 1666 858 pec-

85 872 212 901 catum
231 872 287 900 est
304 864 467 908 finitum3
487 873 566 900 tum
587 866 672 912 quia
693 866 813 912 ipsum
835 866 975 900 bonum
1006 865 1269 900 commutabile
1303 874 1358 900 est
1389 865 1553 907 finitum;
1584 872 1663 899 tum

87 917 200 955 etiam
219 918 305 966 quia
324 917 404 966 ipsa
424 919 617 954 conversio
639 927 692 954 est
714 918 832 954 finita:
855 930 930 954 non
952 919 1051 954 enim
1073 927 1224 966 possunt
1246 930 1325 954 esse
1347 926 1448 954 actus
1477 926 1664 953 creaturae

86 970 229 1008 infiniti.
250 971 303 1008 Ex
322 980 424 1020 parte
441 972 551 1019 igitur
568 973 768 1008 aversionis
782 973 977 1020 respondet
991 981 1143 1019 peccato
1159 983 1278 1019 poena
1291 972 1428 1015 damni,
1443 983 1535 1019 quae
1553 971 1664 1006 etiam

87 1033 144 1062 at
161 1024 319 1069 infinita;
338 1034 394 1062 est
412 1027 511 1061 enim
533 1026 684 1062 amissio
706 1026 835 1062 infiniti
856 1027 955 1069 boni,
975 1026 1115 1062 scilicet
1137 1027 1225 1062 Dei:
1249 1038 1291 1061 ex
1312 1035 1413 1073 parte
1431 1034 1554 1061 autem
1571 1025 1667 1060 inor-

87 1078 233 1116 dinatae
253 1079 504 1116 conversionis
527 1080 721 1127 respondet
742 1080 775 1116 ei
801 1091 921 1128 poena
942 1092 1082 1123 sensus,
1103 1091 1196 1127 quae
1218 1080 1329 1115 etiam
1351 1088 1404 1115 est
1425 1079 1536 1115 finita.

159 1133 222 1169 An
234 1143 386 1170 numu
400 1145 488 1181 ergo
502 1133 710 1177 dicendum,
720 1135 819 1181 quod
833 1134 987 1170 omnino
1003 1135 1117 1180 redigi
1131 1135 1167 1168 in
1182 1133 1338 1168 nihilum
1353 1145 1437 1168 eum
1452 1133 1514 1180 qui
1527 1140 1666 1180 peccat,

87 1197 166 1223 non
185 1187 358 1223 convenit
377 1187 520 1223 divinae
541 1187 721 1234 justitiae;
742 1188 826 1235 quia
848 1196 1026 1235 repugnat
1055 1187 1284 1235 perpetuitati
1305 1198 1458 1234 poenae,
1492 1198 1585 1234 quae
1613 1194 1668 1222 est

89 1240 293 1277 secundum
313 1241 475 1277 divinam
495 1242 682 1288 justitiam,
704 1250 742 1277 ut
761 1242 901 1277 dictum
923 1250 977 1277 est
996 1243 1047 1286 (in
1069 1248 1158 1289 corp.
1181 1247 1210 1277 et
1229 1247 1295 1277 art.
1312 1242 1463 1288 praec.):
1483 1241 1546 1275 sed
1563 1240 1601 1274 in
1618 1240 1669 1275 ni·

88 1293 209 1331 hilum
219 1294 336 1342 redigi
347 1295 491 1338 dicitur,
500 1295 561 1342 qui
574 1295 819 1342 spiritualibus
830 1295 935 1330 bonis
946 1295 1118 1342 privatur,
1132 1295 1332 1330 secundum
1351 1294 1439 1329 illud
1458 1305 1485 1329 1.
1498 1293 1585 1330 Cor.
1602 1305 1665 1340 13⁵

88 1348 127 1386 Si
148 1359 218 1384 non
241 1347 387 1384 habuero
412 1348 621 1391 charitatem,
649 1349 736 1383 nihil
759 1361 843 1384 sum.

161 1401 225 1438 An
245 1411 455 1449 SECUNDUM
475 1402 686 1445 dicendum,
707 1402 805 1449 quod
828 1402 919 1437 ratio
941 1401 1003 1436 illa
1025 1402 1191 1449 procedit
1225 1402 1270 1437 de
1303 1410 1456 1449 peccato
1490 1413 1533 1437 ex
1566 1410 1667 1449 parte

92 1454 308 1492 aversionis:
329 1455 382 1492 sic
403 1455 502 1491 enim
522 1456 640 1491 homo
662 1464 790 1491 contra
811 1456 933 1490 Deum
955 1464 1093 1503 peccat.

162 1508 226 1546 Al>
246 1519 419 1546 τειτιυκ
439 1509 647 1552 dicendum,
666 1509 763 1557 quod
785 1509 927 1544 duratio
950 1521 1091 1556 poenae
1112 1510 1307 1557 respondet
1324 1509 1507 1544 durationi
1527 1509 1668 1556 culpae,

91 1573 168 1599 non
188 1562 336 1610 quidem
356 1574 399 1598 ex
419 1572 520 1611 parte
542 1571 655 1606 actus,
677 1564 739 1599 sed
761 1575 805 1598 ex
826 1572 926 1610 parte
948 1564 1127 1607 maculae,
1146 1576 1215 1610 qua
1235 1565 1386 1599 durante
1405 1572 1530 1599 manet
1548 1572 1668 1598 reatus

92 1627 255 1665 poenae:
274 1616 337 1652 sed
359 1617 536 1652 acerbitas
556 1628 698 1664 poenae
719 1617 914 1664 respondet
934 1618 1101 1664 gravitati
1123 1617 1270 1664 culpae:
1294 1617 1401 1664 culpa
1424 1626 1558 1659 autem,
1576 1629 1669 1665 quae

93 1676 149 1707 est
166 1669 420 1718 irreparabilis,
441 1670 486 1706 de
507 1682 545 1706 se
566 1670 676 1706 habet
695 1671 794 1718 quod
816 1679 990 1718 perpetuo
1012 1671 1127 1714 duret,
1149 1680 1185 1706 et
1205 1671 1288 1706 ideo
1310 1671 1460 1706 debetur
1489 1672 1522 1706 ei
1551 1683 1670 1718 poena

95 1731 260 1768 aeterna;
278 1735 354 1760 non
376 1732 500 1759 autem
520 1736 565 1760 ex
586 1733 686 1771 parte
708 1725 960 1760 conversionis
981 1725 1090 1760 habet
1113 1724 1348 1768 infinitatem3
1368 1733 1404 1760 et
1420 1725 1502 1760 ideo
1521 1736 1595 1760 non
1614 1725 1672 1760 de-

93 1776 199 1814 betur
217 1776 254 1814 ei
271 1788 316 1813 ex
335 1777 407 1814 hac
427 1785 528 1825 parte
548 1789 668 1825 poena
689 1777 830 1813 infinita
851 1778 1052 1814 secundum
1073 1779 1325 1826 quantitatem.

674 1920 1022 1966 ARTICULUS
1053 1922 1108 1964 V.
1601 1932 1672 1977 464

128 2027 284 2060 UTRUM
315 2027 440 2060 ΟΜΝΗ
471 2028 711 2060 PECCATUM
744 2029 944 2061 INDUCAT
978 2029 1158 2060 REATUM
1190 2029 1363 2060 POENAE
1396 2030 1640 2061 AETERNAE.

576 2115 694 2164 (Supr.
717 2122 784 2152 art.
806 2129 835 2163 3.
856 2122 885 2152 et
906 2117 984 2153 Iocis
1011 2117 1090 2152 ibid.
1110 2118 1196 2163 cit).

169 2204 231 2241 AD
244 2215 426 2246 Qumwu
447 2205 498 2242 sic
513 2206 731 2253 proceditur.
741 2206 905 2249 Videtur,
917 2207 1015 2254 quod
1035 2219 1144 2242 omne
1160 2215 1352 2254 peccatum
1368 2207 1515 2242 inducat
1532 2216 1671 2242 reatum

98 2269 240 2307 poenae
261 2266 447 2295 aeternae:
469 2270 588 2307 poena
610 2260 721 2303 enim,
742 2268 779 2295 ut
797 2260 935 2295 dictum
951 2269 1005 2296 est
1024 2261 1105 2305 (art.
1122 2262 1265 2308 praec),
1289 2262 1585 2308 proportionatur
1603 2261 1676 2296 cul-

99 2322 184 2360 pae:
204 2311 269 2348 sed
289 2323 409 2360 poena
427 2321 572 2348 aeterna
595 2312 714 2348 differt
737 2325 756 2347 a
778 2314 973 2361 temporali
995 2315 1030 2348 in
1054 2314 1259 2350 infinitum:
1287 2314 1428 2349 nullum
1452 2325 1572 2349 autem
1595 2326 1675 2362 pcc·

99 2373 224 2402 catum
244 2364 389 2402 differre
408 2365 551 2402 videtur
573 2366 615 2401 ab
647 2366 762 2401 altero
788 2367 824 2401 in
851 2367 1051 2410 infinitum;
1074 2379 1158 2403 cum
1186 2380 1296 2404 omne
1332 2377 1524 2415 peccatum
1547 2369 1592 2403 sit
1612 2368 1675 2403 hu-

99 2429 232 2456 manus
251 2427 366 2463 actus,
387 2419 451 2467 qui
471 2419 631 2455 infinitus
647 2431 725 2455 esse
741 2431 814 2455 non
831 2429 966 2468 potest;
988 2433 1071 2456 curn
1092 2433 1180 2467 ergo
1202 2421 1309 2456 alicui
1330 2430 1484 2468 peccato
1506 2422 1678 2457 debeatur

99 2483 221 2521 poena
240 2480 399 2516 aeterna,
419 2473 512 2509 sicut
532 2473 670 2508 dictum
693 2482 747 2509 cst
768 2475 851 2518 (art.
870 2486 900 2521 3.
918 2475 988 2521 huj.
1009 2477 1070 2522 q.),
1100 2475 1241 2510 videtur
1270 2477 1367 2522 quod
1402 2475 1492 2510 nulli
1524 2483 1676 2523 peccato

98 2525 272 2565 debeamr
291 2537 410 2574 poena
427 2526 639 2574 temporalis
661 2535 814 2562 tantum.

173 2589 206 2616 2.
226 2578 463 2617 PRAETEREA.
486 2580 684 2615 Peccatum
707 2581 885 2628 originale
912 2591 966 2617 est
1000 2582 1194 2617 minimum
1230 2590 1483 2629 pcccatorum:
1516 2583 1610 2617 unde
1641 2590 1677 2618 et

100 2633 197 2681 Aug.
211 2632 299 2669 dicit
318 2633 355 2669 in
375 2632 522 2669 Enchir.
539 2634 719 2681 (cap.93.)‚
735 2635 831 2681 quod
855 2635 1046 2670 mitissima
1069 2647 1185 2682 poena
1209 2645 1262 2671 est
1276 2647 1417 2677 eorum,
1438 2637 1499 2682 qui
1515 2648 1580 2683 pro
1595 2635 1676 2671 solo

99 2694 254 2736 peccato
274 2686 444 2734 originali
463 2688 675 2734 puniuntur:
704 2688 766 2723 sed
794 2697 946 2734 peccato
973 2689 1142 2735 originali
1165 2689 1315 2724 debetur
1343 2700 1460 2736 poena
1485 2697 1675 2735 perpetua:

100 2750 304 2788 numquam
324 2740 425 2776 enim
450 2740 623 2776 videbunt
645 2752 798 2786 regnum
820 2741 888 2776 Dei
912 2743 1024 2788 pueri,
1055 2743 1115 2789 qui
1143 2744 1218 2778 sine
1241 2743 1423 2789 baptismo
1445 2742 1677 2777 decesserunt

102 2804 189 2831 cum
217 2793 385 2840 originali
415 2803 587 2842 peccato;
610 2803 648 2830 ut
677 2802 776 2842 patet
796 2807 859 2842 per
884 2795 919 2830 id
949 2796 1046 2842 quod
1082 2796 1265 2831 Dominus
1288 2796 1374 2831 dicit
1391 2796 1494 2841 Joan.
1519 2807 1567 2842 3.:
1602 2797 1678 2832 Nisi

100 2848 175 2896 quis
198 2852 330 2885 rmalm
341 2847 454 2895 suerit
467 2847 587 2891 denuo,
602 2860 668 2883 non
682 2854 787 2896 potest
815 2848 923 2884 videre
950 2861 1086 2895 regnum
1105 2851 1169 2885 Dei
1181 2862 1192 2890 ,·
1213 2861 1302 2894 crgo
1322 2849 1439 2885 multo
1462 2850 1580 2896 magis
1602 2861 1679 2885 om-

90 2900 207 2941 mium
231 2888 390 2938 &orum
408 2908 644 2948 peccatorum
671 2912 789 2949 poena
810 2902 878 2938 erit
899 2906 1056 2938 aeterna.
