<?xml version="1.0" encoding="UTF-8"?>
<!DOCTYPE html PUBLIC "-//W3C//DTD XHTML 1.0 Transitional//EN"
    "http://www.w3.org/TR/xhtml1/DTD/xhtml1-transitional.dtd">
<html xmlns="http://www.w3.org/1999/xhtml" xml:lang="en" lang="en">
 <head>
  <title>
</title>
<meta http-equiv="Content-Type" content="text/html;charset=utf-8" />
  <meta name='ocr-system' content='tesseract 3.04.00' />
  <meta name='ocr-capabilities' content='ocr_page ocr_carea ocr_par ocr_line ocrx_word'/>
</head>
<body>
  <div class='ocr_page' id='page_1' title='image "./divithomaeaquina02thomuoft_0776.png"; bbox 0 0 1875 3198; ppageno 0'>
   <div class='ocr_carea' id='block_1_1' title="bbox 233 187 1353 230">
    <p class='ocr_par' dir='ltr' id='par_1_1' title="bbox 233 187 1353 230">
     <span class='ocr_line' id='line_1_1' title="bbox 233 187 1353 230; baseline 0.001 -14"><span class='ocrx_word' id='word_1_1' title='bbox 233 187 316 230; x_wconf 84' lang='lat'>772</span> <span class='ocrx_word' id='word_1_2' title='bbox 657 187 878 223; x_wconf 86' lang='lat' dir='ltr'><strong>QUAESTIO</strong></span> <span class='ocrx_word' id='word_1_3' title='bbox 913 187 985 217; x_wconf 81' lang='lat' dir='ltr'>CII.</span> <span class='ocrx_word' id='word_1_4' title='bbox 1019 187 1264 218; x_wconf 79' lang='lat' dir='ltr'>ART1cuLus</span> <span class='ocrx_word' id='word_1_5' title='bbox 1296 188 1353 217; x_wconf 80' lang='lat' dir='ltr'>vr.</span> 
     </span>
    </p>
   </div>
   <div class='ocr_carea' id='block_1_2' title="bbox 232 268 1819 2947">
    <p class='ocr_par' dir='ltr' id='par_1_2' title="bbox 232 268 1804 1163">
     <span class='ocr_line' id='line_1_2' title="bbox 303 268 1796 316; baseline 0.001 -14"><span class='ocrx_word' id='word_1_6' title='bbox 303 269 362 302; x_wconf 85' lang='lat' dir='ltr'>AD</span> <span class='ocrx_word' id='word_1_7' title='bbox 385 278 538 303; x_wconf 72' lang='lat' dir='ltr'>SEXTUM</span> <span class='ocrx_word' id='word_1_8' title='bbox 553 268 759 311; x_wconf 88' lang='lat' dir='ltr'>dicendum,</span> <span class='ocrx_word' id='word_1_9' title='bbox 774 269 884 314; x_wconf 88' lang='lat' dir='ltr'>quod,</span> <span class='ocrx_word' id='word_1_10' title='bbox 899 269 991 303; x_wconf 89' lang='lat' dir='ltr'>sicut</span> <span class='ocrx_word' id='word_1_11' title='bbox 1005 268 1133 303; x_wconf 88' lang='lat' dir='ltr'>dicitur</span> <span class='ocrx_word' id='word_1_12' title='bbox 1148 268 1258 303; x_wconf 90' lang='lat' dir='ltr'>Eccli.</span> <span class='ocrx_word' id='word_1_13' title='bbox 1279 280 1330 315; x_wconf 82' lang='lat'>19.</span> <span class='ocrx_word' id='word_1_14' title='bbox 1343 281 1351 304; x_wconf 79' lang='lat' dir='ltr'>t</span> <span class='ocrx_word' id='word_1_15' title='bbox 1365 270 1519 304; x_wconf 79' lang='lat' dir='ltr'>Amictzcs</span> <span class='ocrx_word' id='word_1_16' title='bbox 1533 271 1681 316; x_wconf 81' lang='lat' dir='ltr'>corporis</span> <span class='ocrx_word' id='word_1_17' title='bbox 1698 282 1796 304; x_wconf 80' lang='lat' dir='ltr'>enun-</span> 
     </span>
     <span class='ocr_line' id='line_1_3' title="bbox 232 321 1794 368; baseline 0.001 -12"><span class='ocrx_word' id='word_1_18' title='bbox 232 324 295 357; x_wconf 68' lang='lat' dir='ltr'>tiat</span> <span class='ocrx_word' id='word_1_19' title='bbox 324 321 361 356; x_wconf 73' lang='lat' dir='ltr'>de</span> <span class='ocrx_word' id='word_1_20' title='bbox 386 322 539 356; x_wconf 73' lang='lat' dir='ltr'>homine:</span> <span class='ocrx_word' id='word_1_21' title='bbox 567 329 602 356; x_wconf 88' lang='lat' dir='ltr'>et</span> <span class='ocrx_word' id='word_1_22' title='bbox 627 321 709 356; x_wconf 91' lang='lat' dir='ltr'>ideo</span> <span class='ocrx_word' id='word_1_23' title='bbox 736 321 852 356; x_wconf 89' lang='lat' dir='ltr'>voluit</span> <span class='ocrx_word' id='word_1_24' title='bbox 877 322 1072 364; x_wconf 81' lang='lat' dir='ltr'>Dominus,</span> <span class='ocrx_word' id='word_1_25' title='bbox 1100 330 1138 356; x_wconf 91' lang='lat' dir='ltr'>ut</span> <span class='ocrx_word' id='word_1_26' title='bbox 1164 321 1319 368; x_wconf 89' lang='lat' dir='ltr'>populus</span> <span class='ocrx_word' id='word_1_27' title='bbox 1346 323 1421 368; x_wconf 78' lang='lat' dir='ltr'>ejus</span> <span class='ocrx_word' id='word_1_28' title='bbox 1448 323 1726 368; x_wconf 84' lang='lat' dir='ltr'>distingueretur</span> <span class='ocrx_word' id='word_1_29' title='bbox 1752 323 1794 357; x_wconf 91' lang='lat' dir='ltr'>ab</span> 
     </span>
     <span class='ocr_line' id='line_1_4' title="bbox 233 374 1796 422; baseline 0 -12"><span class='ocrx_word' id='word_1_30' title='bbox 233 375 310 410; x_wconf 87' lang='lat' dir='ltr'>aliis</span> <span class='ocrx_word' id='word_1_31' title='bbox 332 375 487 422; x_wconf 84' lang='lat' dir='ltr'>populis,</span> <span class='ocrx_word' id='word_1_32' title='bbox 508 387 583 410; x_wconf 90' lang='lat' dir='ltr'>non</span> <span class='ocrx_word' id='word_1_33' title='bbox 610 374 691 409; x_wconf 91' lang='lat' dir='ltr'>solo</span> <span class='ocrx_word' id='word_1_34' title='bbox 718 375 823 421; x_wconf 82' lang='lat' dir='ltr'>signo</span> <span class='ocrx_word' id='word_1_35' title='bbox 852 375 1151 418; x_wconf 79' lang='lat' dir='ltr'>circumcisionis,</span> <span class='ocrx_word' id='word_1_36' title='bbox 1173 375 1270 421; x_wconf 92' lang='lat' dir='ltr'>quod</span> <span class='ocrx_word' id='word_1_37' title='bbox 1293 384 1369 410; x_wconf 89' lang='lat' dir='ltr'>erat</span> <span class='ocrx_word' id='word_1_38' title='bbox 1389 376 1426 410; x_wconf 92' lang='lat' dir='ltr'>in</span> <span class='ocrx_word' id='word_1_39' title='bbox 1453 387 1571 418; x_wconf 88' lang='lat' dir='ltr'>carne,</span> <span class='ocrx_word' id='word_1_40' title='bbox 1598 376 1660 411; x_wconf 92' lang='lat' dir='ltr'>sed</span> <span class='ocrx_word' id='word_1_41' title='bbox 1686 376 1796 411; x_wconf 90' lang='lat' dir='ltr'>etiam</span> 
     </span>
     <span class='ocr_line' id='line_1_5' title="bbox 233 428 1798 475; baseline 0 -11"><span class='ocrx_word' id='word_1_42' title='bbox 233 437 329 464; x_wconf 89' lang='lat' dir='ltr'>certa</span> <span class='ocrx_word' id='word_1_43' title='bbox 350 429 494 464; x_wconf 89' lang='lat' dir='ltr'>habitus</span> <span class='ocrx_word' id='word_1_44' title='bbox 516 429 765 471; x_wconf 76' lang='lat' dir='ltr'>distinctione3</span> <span class='ocrx_word' id='word_1_45' title='bbox 789 437 823 463; x_wconf 91' lang='lat' dir='ltr'>et</span> <span class='ocrx_word' id='word_1_46' title='bbox 844 429 926 463; x_wconf 88' lang='lat' dir='ltr'>ideo</span> <span class='ocrx_word' id='word_1_47' title='bbox 949 429 1172 475; x_wconf 86' lang='lat' dir='ltr'>prohibitum</span> <span class='ocrx_word' id='word_1_48' title='bbox 1194 428 1260 463; x_wconf 88' lang='lat' dir='ltr'>fuit</span> <span class='ocrx_word' id='word_1_49' title='bbox 1286 429 1348 473; x_wconf 84' lang='lat' dir='ltr'>eis,</span> <span class='ocrx_word' id='word_1_50' title='bbox 1374 441 1419 464; x_wconf 90' lang='lat' dir='ltr'>ne</span> <span class='ocrx_word' id='word_1_51' title='bbox 1445 429 1679 464; x_wconf 84' lang='lat' dir='ltr'>induerentur</span> <span class='ocrx_word' id='word_1_52' title='bbox 1703 431 1798 465; x_wconf 76' lang='lat' dir='ltr'>vesti-</span> 
     </span>
     <span class='ocr_line' id='line_1_6' title="bbox 234 482 1799 526; baseline 0.001 -10"><span class='ocrx_word' id='word_1_53' title='bbox 234 489 339 518; x_wconf 67' lang='lat' dir='ltr'>mento</span> <span class='ocrx_word' id='word_1_54' title='bbox 362 495 400 518; x_wconf 74' lang='lat' dir='ltr'>ex</span> <span class='ocrx_word' id='word_1_55' title='bbox 427 483 517 525; x_wconf 68' lang='lat' dir='ltr'>lana,</span> <span class='ocrx_word' id='word_1_56' title='bbox 546 490 580 516; x_wconf 91' lang='lat' dir='ltr'>et</span> <span class='ocrx_word' id='word_1_57' title='bbox 601 483 669 517; x_wconf 83' lang='lat' dir='ltr'>lino</span> <span class='ocrx_word' id='word_1_58' title='bbox 692 488 864 518; x_wconf 64' lang='lat' dir='ltr'>commo:</span> <span class='ocrx_word' id='word_1_59' title='bbox 888 491 922 517; x_wconf 91' lang='lat' dir='ltr'>et</span> <span class='ocrx_word' id='word_1_60' title='bbox 943 494 988 517; x_wconf 90' lang='lat' dir='ltr'>ne</span> <span class='ocrx_word' id='word_1_61' title='bbox 1012 483 1130 517; x_wconf 67' lang='lat' dir='ltr'>mulier</span> <span class='ocrx_word' id='word_1_62' title='bbox 1152 482 1343 518; x_wconf 57' lang='lat' dir='ltr'>indueretur</span> <span class='ocrx_word' id='word_1_63' title='bbox 1363 489 1447 519; x_wconf 74' lang='lat' dir='ltr'>veste</span> <span class='ocrx_word' id='word_1_64' title='bbox 1468 484 1579 526; x_wconf 77' lang='lat' dir='ltr'>virili,</span> <span class='ocrx_word' id='word_1_65' title='bbox 1603 491 1664 518; x_wconf 89' lang='lat' dir='ltr'>aut</span> <span class='ocrx_word' id='word_1_66' title='bbox 1682 494 1700 517; x_wconf 94' lang='lat' dir='ltr'>e</span> <span class='ocrx_word' id='word_1_67' title='bbox 1715 495 1799 517; x_wconf 93' lang='lat' dir='ltr'>con-</span> 
     </span>
     <span class='ocr_line' id='line_1_7' title="bbox 232 536 1800 583; baseline 0.001 -13"><span class='ocrx_word' id='word_1_68' title='bbox 232 548 349 578; x_wconf 91' lang='lat' dir='ltr'>verso,</span> <span class='ocrx_word' id='word_1_69' title='bbox 372 545 517 583; x_wconf 87' lang='lat' dir='ltr'>propter</span> <span class='ocrx_word' id='word_1_70' title='bbox 538 536 612 570; x_wconf 77' lang='lat' dir='ltr'>dno.</span> <span class='ocrx_word' id='word_1_71' title='bbox 635 537 751 571; x_wconf 80' lang='lat' dir='ltr'>Primo</span> <span class='ocrx_word' id='word_1_72' title='bbox 779 536 925 582; x_wconf 91' lang='lat' dir='ltr'>quidem</span> <span class='ocrx_word' id='word_1_73' title='bbox 954 536 997 570; x_wconf 87' lang='lat' dir='ltr'>ad</span> <span class='ocrx_word' id='word_1_74' title='bbox 1023 536 1212 570; x_wconf 86' lang='lat' dir='ltr'>vitandum</span> <span class='ocrx_word' id='word_1_75' title='bbox 1239 536 1469 571; x_wconf 87' lang='lat' dir='ltr'>idololatriae</span> <span class='ocrx_word' id='word_1_76' title='bbox 1496 536 1653 572; x_wconf 86' lang='lat' dir='ltr'>cultum:</span> <span class='ocrx_word' id='word_1_77' title='bbox 1679 537 1800 582; x_wconf 79' lang='lat' dir='ltr'>hujus-</span> 
     </span>
     <span class='ocr_line' id='line_1_8' title="bbox 233 589 1799 625; baseline 0 -1"><span class='ocrx_word' id='word_1_78' title='bbox 233 590 334 624; x_wconf 84' lang='lat' dir='ltr'>modi</span> <span class='ocrx_word' id='word_1_79' title='bbox 361 590 458 624; x_wconf 90' lang='lat' dir='ltr'>enim</span> <span class='ocrx_word' id='word_1_80' title='bbox 484 590 590 624; x_wconf 77' lang='lat' dir='ltr'>variis</span> <span class='ocrx_word' id='word_1_81' title='bbox 617 589 774 624; x_wconf 84' lang='lat' dir='ltr'>vestibus</span> <span class='ocrx_word' id='word_1_82' title='bbox 802 601 843 624; x_wconf 86' lang='lat' dir='ltr'>ex</span> <span class='ocrx_word' id='word_1_83' title='bbox 871 590 1020 624; x_wconf 81' lang='lat' dir='ltr'>diversis</span> <span class='ocrx_word' id='word_1_84' title='bbox 1048 589 1225 624; x_wconf 79' lang='lat' dir='ltr'>contextis</span> <span class='ocrx_word' id='word_1_85' title='bbox 1257 589 1421 625; x_wconf 80' lang='lat' dir='ltr'>Gentiles</span> <span class='ocrx_word' id='word_1_86' title='bbox 1450 591 1487 624; x_wconf 92' lang='lat' dir='ltr'>in</span> <span class='ocrx_word' id='word_1_87' title='bbox 1518 591 1616 625; x_wconf 94' lang='lat' dir='ltr'>cultu</span> <span class='ocrx_word' id='word_1_88' title='bbox 1649 602 1799 625; x_wconf 89' lang='lat' dir='ltr'>suorum</span> 
     </span>
     <span class='ocr_line' id='line_1_9' title="bbox 233 643 1801 679; baseline 0 -1"><span class='ocrx_word' id='word_1_89' title='bbox 233 644 397 678; x_wconf 85' lang='lat' dir='ltr'>Deorum</span> <span class='ocrx_word' id='word_1_90' title='bbox 421 643 629 677; x_wconf 85' lang='lat' dir='ltr'>utebantur:</span> <span class='ocrx_word' id='word_1_91' title='bbox 653 651 687 678; x_wconf 89' lang='lat' dir='ltr'>et</span> <span class='ocrx_word' id='word_1_92' title='bbox 714 643 823 678; x_wconf 84' lang='lat' dir='ltr'>etiam</span> <span class='ocrx_word' id='word_1_93' title='bbox 850 643 885 677; x_wconf 89' lang='lat' dir='ltr'>in</span> <span class='ocrx_word' id='word_1_94' title='bbox 914 643 1011 678; x_wconf 91' lang='lat' dir='ltr'>cultu</span> <span class='ocrx_word' id='word_1_95' title='bbox 1039 643 1164 678; x_wconf 91' lang='lat' dir='ltr'>Martis</span> <span class='ocrx_word' id='word_1_96' title='bbox 1191 643 1362 678; x_wconf 88' lang='lat' dir='ltr'>mulieres</span> <span class='ocrx_word' id='word_1_97' title='bbox 1393 644 1584 678; x_wconf 90' lang='lat' dir='ltr'>utebantur</span> <span class='ocrx_word' id='word_1_98' title='bbox 1617 644 1726 679; x_wconf 74' lang='lat' dir='ltr'>armIS</span> <span class='ocrx_word' id='word_1_99' title='bbox 1753 645 1801 678; x_wconf 91' lang='lat' dir='ltr'>vi-</span> 
     </span>
     <span class='ocr_line' id='line_1_10' title="bbox 234 696 1799 739; baseline 0 -8"><span class='ocrx_word' id='word_1_100' title='bbox 234 709 378 739; x_wconf 80' lang='lat' dir='ltr'>rorum3</span> <span class='ocrx_word' id='word_1_101' title='bbox 400 697 435 730; x_wconf 94' lang='lat' dir='ltr'>in</span> <span class='ocrx_word' id='word_1_102' title='bbox 452 696 549 731; x_wconf 88' lang='lat' dir='ltr'>cultu</span> <span class='ocrx_word' id='word_1_103' title='bbox 569 705 693 731; x_wconf 86' lang='lat' dir='ltr'>autem</span> <span class='ocrx_word' id='word_1_104' title='bbox 711 697 863 731; x_wconf 85' lang='lat' dir='ltr'>Veneris</span> <span class='ocrx_word' id='word_1_105' title='bbox 885 708 903 731; x_wconf 89' lang='lat' dir='ltr'>e</span> <span class='ocrx_word' id='word_1_106' title='bbox 927 708 1104 731; x_wconf 83' lang='lat' dir='ltr'>converso</span> <span class='ocrx_word' id='word_1_107' title='bbox 1126 697 1193 731; x_wconf 85' lang='lat' dir='ltr'>viri</span> <span class='ocrx_word' id='word_1_108' title='bbox 1212 698 1403 732; x_wconf 88' lang='lat' dir='ltr'>utebantur</span> <span class='ocrx_word' id='word_1_109' title='bbox 1421 698 1579 733; x_wconf 88' lang='lat' dir='ltr'>vestibus</span> <span class='ocrx_word' id='word_1_110' title='bbox 1595 698 1799 732; x_wconf 87' lang='lat' dir='ltr'>mulierum.</span> 
     </span>
     <span class='ocr_line' id='line_1_11' title="bbox 236 750 1801 798; baseline 0 -12"><span class='ocrx_word' id='word_1_111' title='bbox 236 752 316 786; x_wconf 76' lang='lat' dir='ltr'>Alia</span> <span class='ocrx_word' id='word_1_112' title='bbox 343 752 433 785; x_wconf 86' lang='lat' dir='ltr'>ratio</span> <span class='ocrx_word' id='word_1_113' title='bbox 462 759 514 785; x_wconf 83' lang='lat' dir='ltr'>est</span> <span class='ocrx_word' id='word_1_114' title='bbox 541 750 584 784; x_wconf 89' lang='lat' dir='ltr'>ad</span> <span class='ocrx_word' id='word_1_115' title='bbox 612 750 867 785; x_wconf 78' lang='lat' dir='ltr'>declinandam</span> <span class='ocrx_word' id='word_1_116' title='bbox 890 750 1089 786; x_wconf 82' lang='lat' dir='ltr'>luxuriam:</span> <span class='ocrx_word' id='word_1_117' title='bbox 1111 763 1197 785; x_wconf 91' lang='lat' dir='ltr'>nam</span> <span class='ocrx_word' id='word_1_118' title='bbox 1224 763 1287 798; x_wconf 89' lang='lat' dir='ltr'>per</span> <span class='ocrx_word' id='word_1_119' title='bbox 1315 752 1596 786; x_wconf 84' lang='lat' dir='ltr'>commixtiones</span> <span class='ocrx_word' id='word_1_120' title='bbox 1622 752 1739 786; x_wconf 86' lang='lat' dir='ltr'>varias</span> <span class='ocrx_word' id='word_1_121' title='bbox 1765 753 1801 786; x_wconf 92' lang='lat' dir='ltr'>in</span> 
     </span>
     <span class='ocr_line' id='line_1_12' title="bbox 235 804 1802 852; baseline -0.001 -12"><span class='ocrx_word' id='word_1_122' title='bbox 235 805 470 847; x_wconf 75' lang='lat' dir='ltr'>vestimentis,</span> <span class='ocrx_word' id='word_1_123' title='bbox 482 805 602 839; x_wconf 85' lang='lat' dir='ltr'>omnis</span> <span class='ocrx_word' id='word_1_124' title='bbox 616 805 821 840; x_wconf 84' lang='lat' dir='ltr'>inordinata</span> <span class='ocrx_word' id='word_1_125' title='bbox 832 805 1046 839; x_wconf 86' lang='lat' dir='ltr'>commixtio</span> <span class='ocrx_word' id='word_1_126' title='bbox 1063 805 1179 839; x_wconf 90' lang='lat' dir='ltr'>coitus</span> <span class='ocrx_word' id='word_1_127' title='bbox 1195 804 1412 848; x_wconf 80' lang='lat' dir='ltr'>excluditur3</span> <span class='ocrx_word' id='word_1_128' title='bbox 1427 805 1524 852; x_wconf 90' lang='lat' dir='ltr'>quod</span> <span class='ocrx_word' id='word_1_129' title='bbox 1536 813 1657 840; x_wconf 90' lang='lat' dir='ltr'>autern</span> <span class='ocrx_word' id='word_1_130' title='bbox 1672 805 1802 840; x_wconf 87' lang='lat' dir='ltr'>mulier</span> 
     </span>
     <span class='ocr_line' id='line_1_13' title="bbox 235 858 1804 906; baseline 0.001 -13"><span class='ocrx_word' id='word_1_131' title='bbox 235 859 402 893; x_wconf 82' lang='lat' dir='ltr'>induatur</span> <span class='ocrx_word' id='word_1_132' title='bbox 423 866 522 893; x_wconf 84' lang='lat' dir='ltr'>veste</span> <span class='ocrx_word' id='word_1_133' title='bbox 543 858 648 900; x_wconf 87' lang='lat' dir='ltr'>virili,</span> <span class='ocrx_word' id='word_1_134' title='bbox 672 866 733 893; x_wconf 86' lang='lat' dir='ltr'>aut</span> <span class='ocrx_word' id='word_1_135' title='bbox 754 871 772 893; x_wconf 91' lang='lat' dir='ltr'>e</span> <span class='ocrx_word' id='word_1_136' title='bbox 797 870 988 901; x_wconf 89' lang='lat' dir='ltr'>converso,</span> <span class='ocrx_word' id='word_1_137' title='bbox 1010 859 1233 893; x_wconf 87' lang='lat' dir='ltr'>incentivum</span> <span class='ocrx_word' id='word_1_138' title='bbox 1256 867 1309 893; x_wconf 86' lang='lat' dir='ltr'>est</span> <span class='ocrx_word' id='word_1_139' title='bbox 1335 859 1662 906; x_wconf 83' lang='lat' dir='ltr'>concupiscentiae,</span> <span class='ocrx_word' id='word_1_140' title='bbox 1685 867 1720 894; x_wconf 90' lang='lat' dir='ltr'>et</span> <span class='ocrx_word' id='word_1_141' title='bbox 1746 871 1804 894; x_wconf 92' lang='lat' dir='ltr'>oc-</span> 
     </span>
     <span class='ocr_line' id='line_1_14' title="bbox 234 912 1801 959; baseline 0 -12"><span class='ocrx_word' id='word_1_142' title='bbox 234 912 420 947; x_wconf 86' lang='lat' dir='ltr'>casionem</span> <span class='ocrx_word' id='word_1_143' title='bbox 442 912 581 946; x_wconf 88' lang='lat' dir='ltr'>libidini</span> <span class='ocrx_word' id='word_1_144' title='bbox 607 920 773 959; x_wconf 80' lang='lat' dir='ltr'>praestat.</span> <span class='ocrx_word' id='word_1_145' title='bbox 796 912 972 958; x_wconf 79' lang='lat' dir='ltr'>Figuralis</span> <span class='ocrx_word' id='word_1_146' title='bbox 995 921 1116 947; x_wconf 88' lang='lat' dir='ltr'>autem</span> <span class='ocrx_word' id='word_1_147' title='bbox 1135 913 1226 947; x_wconf 89' lang='lat' dir='ltr'>ratio</span> <span class='ocrx_word' id='word_1_148' title='bbox 1250 921 1313 955; x_wconf 90' lang='lat' dir='ltr'>est,</span> <span class='ocrx_word' id='word_1_149' title='bbox 1335 913 1419 959; x_wconf 81' lang='lat' dir='ltr'>quia</span> <span class='ocrx_word' id='word_1_150' title='bbox 1441 913 1477 946; x_wconf 90' lang='lat' dir='ltr'>in</span> <span class='ocrx_word' id='word_1_151' title='bbox 1491 913 1710 947; x_wconf 89' lang='lat' dir='ltr'>vestimento</span> <span class='ocrx_word' id='word_1_152' title='bbox 1726 924 1801 948; x_wconf 78' lang='lat' dir='ltr'>con-</span> 
     </span>
     <span class='ocr_line' id='line_1_15' title="bbox 236 965 1803 1014; baseline -0.001 -12"><span class='ocrx_word' id='word_1_153' title='bbox 236 972 320 1002; x_wconf 60' lang='lat' dir='ltr'>texto</span> <span class='ocrx_word' id='word_1_154' title='bbox 343 977 385 1000; x_wconf 89' lang='lat' dir='ltr'>ex</span> <span class='ocrx_word' id='word_1_155' title='bbox 407 966 498 1008; x_wconf 71' lang='lat' dir='ltr'>lana,</span> <span class='ocrx_word' id='word_1_156' title='bbox 519 974 554 1000; x_wconf 91' lang='lat' dir='ltr'>et</span> <span class='ocrx_word' id='word_1_157' title='bbox 574 967 642 1001; x_wconf 74' lang='lat' dir='ltr'>lino</span> <span class='ocrx_word' id='word_1_158' title='bbox 663 966 888 1001; x_wconf 87' lang='lat' dir='ltr'>interdicitur</span> <span class='ocrx_word' id='word_1_159' title='bbox 910 966 1120 1012; x_wconf 83' lang='lat' dir='ltr'>conjunctio</span> <span class='ocrx_word' id='word_1_160' title='bbox 1142 965 1383 1013; x_wconf 86' lang='lat' dir='ltr'>simplicitatis</span> <span class='ocrx_word' id='word_1_161' title='bbox 1401 974 1436 1001; x_wconf 90' lang='lat' dir='ltr'>et</span> <span class='ocrx_word' id='word_1_162' title='bbox 1448 966 1692 1009; x_wconf 83' lang='lat' dir='ltr'>innocentiae,</span> <span class='ocrx_word' id='word_1_163' title='bbox 1711 978 1803 1014; x_wconf 89' lang='lat' dir='ltr'>quae</span> 
     </span>
     <span class='ocr_line' id='line_1_16' title="bbox 236 1019 1803 1067; baseline -0.001 -12"><span class='ocrx_word' id='word_1_164' title='bbox 236 1021 408 1067; x_wconf 84' lang='lat' dir='ltr'>figuratur</span> <span class='ocrx_word' id='word_1_165' title='bbox 427 1031 489 1066; x_wconf 91' lang='lat' dir='ltr'>per</span> <span class='ocrx_word' id='word_1_166' title='bbox 503 1020 638 1062; x_wconf 86' lang='lat' dir='ltr'>lanam,</span> <span class='ocrx_word' id='word_1_167' title='bbox 654 1028 688 1055; x_wconf 86' lang='lat' dir='ltr'>ct</span> <span class='ocrx_word' id='word_1_168' title='bbox 701 1020 906 1054; x_wconf 85' lang='lat' dir='ltr'>subtilitatis</span> <span class='ocrx_word' id='word_1_169' title='bbox 922 1028 956 1054; x_wconf 91' lang='lat' dir='ltr'>et</span> <span class='ocrx_word' id='word_1_170' title='bbox 974 1019 1146 1062; x_wconf 85' lang='lat' dir='ltr'>malitiae,</span> <span class='ocrx_word' id='word_1_171' title='bbox 1161 1031 1253 1066; x_wconf 88' lang='lat' dir='ltr'>quae</span> <span class='ocrx_word' id='word_1_172' title='bbox 1272 1020 1446 1066; x_wconf 83' lang='lat' dir='ltr'>figuratur</span> <span class='ocrx_word' id='word_1_173' title='bbox 1459 1031 1522 1066; x_wconf 90' lang='lat' dir='ltr'>per</span> <span class='ocrx_word' id='word_1_174' title='bbox 1535 1020 1662 1054; x_wconf 88' lang='lat' dir='ltr'>linum.</span> <span class='ocrx_word' id='word_1_175' title='bbox 1677 1021 1803 1055; x_wconf 86' lang='lat' dir='ltr'>Prohi-</span> 
     </span>
     <span class='ocr_line' id='line_1_17' title="bbox 235 1073 1802 1120; baseline 0 -11"><span class='ocrx_word' id='word_1_176' title='bbox 235 1075 338 1109; x_wconf 88' lang='lat' dir='ltr'>betur</span> <span class='ocrx_word' id='word_1_177' title='bbox 359 1074 480 1116; x_wconf 89' lang='lat' dir='ltr'>etiam,</span> <span class='ocrx_word' id='word_1_178' title='bbox 496 1074 593 1120; x_wconf 91' lang='lat' dir='ltr'>quod</span> <span class='ocrx_word' id='word_1_179' title='bbox 612 1073 743 1108; x_wconf 90' lang='lat' dir='ltr'>mulier</span> <span class='ocrx_word' id='word_1_180' title='bbox 763 1085 837 1108; x_wconf 88' lang='lat' dir='ltr'>non</span> <span class='ocrx_word' id='word_1_181' title='bbox 853 1082 1001 1120; x_wconf 86' lang='lat' dir='ltr'>usurpet</span> <span class='ocrx_word' id='word_1_182' title='bbox 1015 1074 1081 1108; x_wconf 86' lang='lat' dir='ltr'>sibi</span> <span class='ocrx_word' id='word_1_183' title='bbox 1097 1074 1313 1117; x_wconf 84' lang='lat' dir='ltr'>doctrinam,</span> <span class='ocrx_word' id='word_1_184' title='bbox 1328 1073 1387 1108; x_wconf 87' lang='lat' dir='ltr'>vel</span> <span class='ocrx_word' id='word_1_185' title='bbox 1401 1073 1472 1108; x_wconf 86' lang='lat' dir='ltr'>alia</span> <span class='ocrx_word' id='word_1_186' title='bbox 1485 1074 1648 1109; x_wconf 90' lang='lat' dir='ltr'>virorum</span> <span class='ocrx_word' id='word_1_187' title='bbox 1663 1073 1802 1117; x_wconf 77' lang='lat' dir='ltr'>officia3</span> 
     </span>
     <span class='ocr_line' id='line_1_18' title="bbox 235 1127 1098 1163; baseline 0.001 -2"><span class='ocrx_word' id='word_1_188' title='bbox 235 1128 293 1163; x_wconf 86' lang='lat' dir='ltr'>vel</span> <span class='ocrx_word' id='word_1_189' title='bbox 314 1139 359 1162; x_wconf 89' lang='lat' dir='ltr'>ne</span> <span class='ocrx_word' id='word_1_190' title='bbox 380 1128 434 1162; x_wconf 90' lang='lat' dir='ltr'>vir</span> <span class='ocrx_word' id='word_1_191' title='bbox 455 1127 612 1162; x_wconf 86' lang='lat' dir='ltr'>declinet</span> <span class='ocrx_word' id='word_1_192' title='bbox 629 1128 673 1162; x_wconf 91' lang='lat' dir='ltr'>ad</span> <span class='ocrx_word' id='word_1_193' title='bbox 697 1127 869 1162; x_wconf 85' lang='lat' dir='ltr'>mollities</span> <span class='ocrx_word' id='word_1_194' title='bbox 892 1127 1098 1162; x_wconf 89' lang='lat' dir='ltr'>mulierum.</span> 
     </span>
    </p>

    <p class='ocr_par' dir='ltr' id='par_1_3' title="bbox 237 1179 1813 1874">
     <span class='ocr_line' id='line_1_19' title="bbox 310 1179 1807 1228; baseline -0.001 -12"><span class='ocrx_word' id='word_1_195' title='bbox 310 1182 370 1216; x_wconf 86' lang='lat' dir='ltr'>AD</span> <span class='ocrx_word' id='word_1_196' title='bbox 394 1192 587 1216; x_wconf 74' lang='lat' dir='ltr'>SEPTIMUM</span> <span class='ocrx_word' id='word_1_197' title='bbox 610 1181 817 1223; x_wconf 90' lang='lat' dir='ltr'>dicendum,</span> <span class='ocrx_word' id='word_1_198' title='bbox 840 1181 949 1227; x_wconf 85' lang='lat' dir='ltr'>quod,</span> <span class='ocrx_word' id='word_1_199' title='bbox 971 1181 1064 1216; x_wconf 91' lang='lat' dir='ltr'>sicut</span> <span class='ocrx_word' id='word_1_200' title='bbox 1087 1181 1236 1216; x_wconf 87' lang='lat' dir='ltr'>Hieron.</span> <span class='ocrx_word' id='word_1_201' title='bbox 1256 1181 1343 1215; x_wconf 88' lang='lat' dir='ltr'>dicit</span> <span class='ocrx_word' id='word_1_202' title='bbox 1353 1192 1460 1228; x_wconf 87' lang='lat' dir='ltr'>super</span> <span class='ocrx_word' id='word_1_203' title='bbox 1473 1181 1602 1216; x_wconf 86' lang='lat' dir='ltr'>Matth.</span> <span class='ocrx_word' id='word_1_204' title='bbox 1619 1179 1706 1228; x_wconf 76' lang='lat' dir='ltr'>(sup.</span> <span class='ocrx_word' id='word_1_205' title='bbox 1725 1181 1807 1216; x_wconf 77' lang='lat' dir='ltr'>illud</span> 
     </span>
     <span class='ocr_line' id='line_1_20' title="bbox 237 1235 1807 1282; baseline -0.002 -11"><span class='ocrx_word' id='word_1_206' title='bbox 237 1242 310 1282; x_wconf 65' lang='lat' dir='ltr'>carp.</span> <span class='ocrx_word' id='word_1_207' title='bbox 333 1247 402 1282; x_wconf 77' lang='lat'>23.:</span> <span class='ocrx_word' id='word_1_208' title='bbox 430 1236 590 1270; x_wconf 66' lang='lat' dir='ltr'>Diltztcmt</span> <span class='ocrx_word' id='word_1_209' title='bbox 611 1237 711 1278; x_wconf 73' lang='lat' dir='ltr'>enim,</span> <span class='ocrx_word' id='word_1_210' title='bbox 738 1236 834 1281; x_wconf 75' lang='lat' dir='ltr'>etc.).·</span> <span class='ocrx_word' id='word_1_211' title='bbox 858 1236 1026 1269; x_wconf 79' lang='lat' dir='ltr'>Dominus</span> <span class='ocrx_word' id='word_1_212' title='bbox 1047 1236 1155 1281; x_wconf 79' lang='lat' dir='ltr'>jussit,</span> <span class='ocrx_word' id='word_1_213' title='bbox 1184 1241 1220 1270; x_wconf 82' lang='lat' dir='ltr'>ut</span> <span class='ocrx_word' id='word_1_214' title='bbox 1246 1236 1281 1269; x_wconf 80' lang='lat' dir='ltr'>in</span> <span class='ocrx_word' id='word_1_215' title='bbox 1303 1239 1446 1281; x_wconf 76' lang='lat' dir='ltr'>quatuor</span> <span class='ocrx_word' id='word_1_216' title='bbox 1472 1235 1602 1281; x_wconf 80' lang='lat' dir='ltr'>angulis</span> <span class='ocrx_word' id='word_1_217' title='bbox 1622 1235 1807 1281; x_wconf 80' lang='lat' dir='ltr'>palliorum</span> 
     </span>
     <span class='ocr_line' id='line_1_21' title="bbox 238 1288 1805 1336; baseline 0 -13"><span class='ocrx_word' id='word_1_218' title='bbox 238 1290 467 1335; x_wconf 67' lang='lat' dir='ltr'>hyacinthinas</span> <span class='ocrx_word' id='word_1_219' title='bbox 479 1291 636 1336; x_wconf 67' lang='lat' dir='ltr'>fimbrias</span> <span class='ocrx_word' id='word_1_220' title='bbox 654 1290 819 1336; x_wconf 67' lang='lat' dir='ltr'>facerent,</span> <span class='ocrx_word' id='word_1_221' title='bbox 847 1289 889 1323; x_wconf 76' lang='lat' dir='ltr'>aci</span> <span class='ocrx_word' id='word_1_222' title='bbox 910 1289 1074 1336; x_wconf 73' lang='lat' dir='ltr'>populum</span> <span class='ocrx_word' id='word_1_223' title='bbox 1101 1289 1205 1323; x_wconf 65' lang='lat' dir='ltr'>Isrczb&#39;l</span> <span class='ocrx_word' id='word_1_224' title='bbox 1226 1288 1478 1335; x_wconf 74' lang='lat' dir='ltr'>dignoscendum</span> <span class='ocrx_word' id='word_1_225' title='bbox 1500 1290 1540 1323; x_wconf 80' lang='lat' dir='ltr'>ab</span> <span class='ocrx_word' id='word_1_226' title='bbox 1563 1288 1638 1323; x_wconf 74' lang='lat' dir='ltr'>aliis</span> <span class='ocrx_word' id='word_1_227' title='bbox 1653 1289 1785 1335; x_wconf 78' lang='lat' dir='ltr'>populis</span> <span class='ocrx_word' id='word_1_228' title='bbox 1793 1301 1805 1330; x_wconf 92' lang='lat'><em>;</em></span> 
     </span>
     <span class='ocr_line' id='line_1_22' title="bbox 239 1341 1808 1389; baseline -0.001 -11"><span class='ocrx_word' id='word_1_229' title='bbox 239 1343 332 1378; x_wconf 89' lang='lat' dir='ltr'>unde</span> <span class='ocrx_word' id='word_1_230' title='bbox 355 1355 417 1389; x_wconf 87' lang='lat' dir='ltr'>per</span> <span class='ocrx_word' id='word_1_231' title='bbox 438 1344 509 1378; x_wconf 89' lang='lat' dir='ltr'>hoc</span> <span class='ocrx_word' id='word_1_232' title='bbox 528 1355 566 1378; x_wconf 90' lang='lat' dir='ltr'>se</span> <span class='ocrx_word' id='word_1_233' title='bbox 585 1355 662 1378; x_wconf 89' lang='lat' dir='ltr'>esse</span> <span class='ocrx_word' id='word_1_234' title='bbox 676 1343 833 1389; x_wconf 89' lang='lat' dir='ltr'>Judaeos</span> <span class='ocrx_word' id='word_1_235' title='bbox 852 1342 1129 1389; x_wconf 83' lang='lat' dir='ltr'>profitebantur3</span> <span class='ocrx_word' id='word_1_236' title='bbox 1150 1350 1184 1377; x_wconf 90' lang='lat' dir='ltr'>et</span> <span class='ocrx_word' id='word_1_237' title='bbox 1205 1342 1287 1377; x_wconf 90' lang='lat' dir='ltr'>ideo</span> <span class='ocrx_word' id='word_1_238' title='bbox 1307 1354 1370 1389; x_wconf 88' lang='lat' dir='ltr'>per</span> <span class='ocrx_word' id='word_1_239' title='bbox 1385 1350 1574 1388; x_wconf 89' lang='lat' dir='ltr'>aspectum</span> <span class='ocrx_word' id='word_1_240' title='bbox 1591 1341 1699 1388; x_wconf 89' lang='lat' dir='ltr'>hujus</span> <span class='ocrx_word' id='word_1_241' title='bbox 1714 1342 1808 1388; x_wconf 88' lang='lat' dir='ltr'>signi</span> 
     </span>
     <span class='ocr_line' id='line_1_23' title="bbox 239 1395 1810 1442; baseline -0.001 -11"><span class='ocrx_word' id='word_1_242' title='bbox 239 1397 477 1432; x_wconf 84' lang='lat' dir='ltr'>inducebatur</span> <span class='ocrx_word' id='word_1_243' title='bbox 498 1397 535 1431; x_wconf 92' lang='lat' dir='ltr'>in</span> <span class='ocrx_word' id='word_1_244' title='bbox 550 1397 769 1432; x_wconf 89' lang='lat' dir='ltr'>memoriam</span> <span class='ocrx_word' id='word_1_245' title='bbox 784 1408 870 1431; x_wconf 88' lang='lat' dir='ltr'>suae</span> <span class='ocrx_word' id='word_1_246' title='bbox 889 1395 991 1442; x_wconf 85' lang='lat' dir='ltr'>legis.</span> <span class='ocrx_word' id='word_1_247' title='bbox 1010 1395 1122 1436; x_wconf 86' lang='lat' dir='ltr'>Quod</span> <span class='ocrx_word' id='word_1_248' title='bbox 1138 1404 1260 1430; x_wconf 87' lang='lat' dir='ltr'>autem</span> <span class='ocrx_word' id='word_1_249' title='bbox 1275 1395 1425 1430; x_wconf 87' lang='lat' dir='ltr'>dicitur:</span> <span class='ocrx_word' id='word_1_250' title='bbox 1444 1396 1581 1442; x_wconf 82' lang='lat' dir='ltr'>Ligabis</span> <span class='ocrx_word' id='word_1_251' title='bbox 1598 1407 1636 1431; x_wconf 76' lang='lat' dir='ltr'>ea</span> <span class='ocrx_word' id='word_1_252' title='bbox 1655 1397 1690 1430; x_wconf 84' lang='lat' dir='ltr'>in</span> <span class='ocrx_word' id='word_1_253' title='bbox 1706 1408 1810 1430; x_wconf 84' lang='lat' dir='ltr'>mauu</span> 
     </span>
     <span class='ocr_line' id='line_1_24' title="bbox 242 1449 1810 1498; baseline -0.001 -12"><span class='ocrx_word' id='word_1_254' title='bbox 242 1456 309 1493; x_wconf 68' lang='lat' dir='ltr'>tua,</span> <span class='ocrx_word' id='word_1_255' title='bbox 333 1457 360 1486; x_wconf 74' lang='lat' dir='ltr'>et</span> <span class='ocrx_word' id='word_1_256' title='bbox 381 1456 476 1486; x_wconf 69' lang='lat' dir='ltr'>erimt</span> <span class='ocrx_word' id='word_1_257' title='bbox 496 1458 622 1498; x_wconf 72' lang='lat' dir='ltr'>semper</span> <span class='ocrx_word' id='word_1_258' title='bbox 643 1456 716 1486; x_wconf 64' lang='lat' dir='ltr'>ante</span> <span class='ocrx_word' id='word_1_259' title='bbox 738 1451 847 1485; x_wconf 78' lang='lat' dir='ltr'>oculos</span> <span class='ocrx_word' id='word_1_260' title='bbox 870 1455 950 1492; x_wconf 75' lang='lat' dir='ltr'>tuos,</span> <span class='ocrx_word' id='word_1_261' title='bbox 974 1450 1160 1484; x_wconf 86' lang='lat' dir='ltr'>Pharisaei</span> <span class='ocrx_word' id='word_1_262' title='bbox 1178 1449 1274 1484; x_wconf 91' lang='lat' dir='ltr'>male</span> <span class='ocrx_word' id='word_1_263' title='bbox 1294 1449 1622 1496; x_wconf 81' lang='lat' dir='ltr'>interpretabantur</span> <span class='ocrx_word' id='word_1_264' title='bbox 1639 1451 1810 1485; x_wconf 73' lang='lat' dir='ltr'>scribentes</span> 
     </span>
     <span class='ocr_line' id='line_1_25' title="bbox 241 1503 1810 1550; baseline -0.001 -11"><span class='ocrx_word' id='word_1_265' title='bbox 241 1507 275 1539; x_wconf 80' lang='lat' dir='ltr'>in</span> <span class='ocrx_word' id='word_1_266' title='bbox 298 1506 498 1540; x_wconf 63' lang='lat' dir='ltr'>membranis</span> <span class='ocrx_word' id='word_1_267' title='bbox 519 1505 707 1550; x_wconf 68' lang='lat' dir='ltr'>decalogium</span> <span class='ocrx_word' id='word_1_268' title='bbox 727 1505 848 1550; x_wconf 67' lang='lat' dir='ltr'>Moysi,</span> <span class='ocrx_word' id='word_1_269' title='bbox 864 1509 894 1539; x_wconf 77' lang='lat' dir='ltr'>ct</span> <span class='ocrx_word' id='word_1_270' title='bbox 912 1504 1062 1549; x_wconf 76' lang='lat' dir='ltr'>ligabant</span> <span class='ocrx_word' id='word_1_271' title='bbox 1082 1505 1117 1537; x_wconf 70' lang='lat' dir='ltr'>in</span> <span class='ocrx_word' id='word_1_272' title='bbox 1131 1504 1245 1550; x_wconf 65' lang='lat' dir='ltr'>fronte</span> <span class='ocrx_word' id='word_1_273' title='bbox 1267 1505 1360 1549; x_wconf 73' lang='lat' dir='ltr'>quasi</span> <span class='ocrx_word' id='word_1_274' title='bbox 1374 1515 1546 1546; x_wconf 81' lang='lat' dir='ltr'>coronam,</span> <span class='ocrx_word' id='word_1_275' title='bbox 1566 1508 1601 1538; x_wconf 78' lang='lat' dir='ltr'>ut</span> <span class='ocrx_word' id='word_1_276' title='bbox 1614 1508 1688 1538; x_wconf 75' lang='lat' dir='ltr'>ante</span> <span class='ocrx_word' id='word_1_277' title='bbox 1702 1503 1810 1538; x_wconf 71' lang='lat' dir='ltr'>oculos</span> 
     </span>
     <span class='ocr_line' id='line_1_26' title="bbox 242 1556 1810 1603; baseline -0.001 -10"><span class='ocrx_word' id='word_1_278' title='bbox 242 1564 448 1600; x_wconf 59' lang='lat' dir='ltr'>iiiovcrotnr;</span> <span class='ocrx_word' id='word_1_279' title='bbox 474 1570 556 1593; x_wconf 91' lang='lat' dir='ltr'>cum</span> <span class='ocrx_word' id='word_1_280' title='bbox 572 1567 695 1593; x_wconf 88' lang='lat' dir='ltr'>tamen</span> <span class='ocrx_word' id='word_1_281' title='bbox 710 1557 862 1592; x_wconf 89' lang='lat' dir='ltr'>intentio</span> <span class='ocrx_word' id='word_1_282' title='bbox 878 1557 1031 1592; x_wconf 88' lang='lat' dir='ltr'>Domini</span> <span class='ocrx_word' id='word_1_283' title='bbox 1045 1557 1250 1591; x_wconf 81' lang='lat' dir='ltr'>mandantis</span> <span class='ocrx_word' id='word_1_284' title='bbox 1260 1556 1377 1599; x_wconf 84' lang='lat' dir='ltr'>fuerit,</span> <span class='ocrx_word' id='word_1_285' title='bbox 1392 1565 1431 1591; x_wconf 93' lang='lat' dir='ltr'>ut</span> <span class='ocrx_word' id='word_1_286' title='bbox 1448 1557 1632 1603; x_wconf 77' lang='lat' dir='ltr'>ligarentur</span> <span class='ocrx_word' id='word_1_287' title='bbox 1645 1558 1681 1591; x_wconf 83' lang='lat' dir='ltr'>in</span> <span class='ocrx_word' id='word_1_288' title='bbox 1695 1569 1810 1600; x_wconf 81' lang='lat' dir='ltr'>manu,</span> 
     </span>
     <span class='ocr_line' id='line_1_27' title="bbox 241 1610 1811 1659; baseline -0.002 -12"><span class='ocrx_word' id='word_1_289' title='bbox 241 1612 332 1647; x_wconf 88' lang='lat' dir='ltr'>idest</span> <span class='ocrx_word' id='word_1_290' title='bbox 346 1613 382 1646; x_wconf 87' lang='lat' dir='ltr'>in</span> <span class='ocrx_word' id='word_1_291' title='bbox 404 1613 636 1659; x_wconf 71' lang='lat' dir='ltr'>operatione,</span> <span class='ocrx_word' id='word_1_292' title='bbox 659 1620 693 1646; x_wconf 92' lang='lat' dir='ltr'>et</span> <span class='ocrx_word' id='word_1_293' title='bbox 714 1617 814 1647; x_wconf 67' lang='lat' dir='ltr'>essent</span> <span class='ocrx_word' id='word_1_294' title='bbox 834 1617 909 1646; x_wconf 57' lang='lat' dir='ltr'>anta</span> <span class='ocrx_word' id='word_1_295' title='bbox 931 1611 1051 1653; x_wconf 70' lang='lat' dir='ltr'>oculos,</span> <span class='ocrx_word' id='word_1_296' title='bbox 1071 1611 1164 1645; x_wconf 88' lang='lat' dir='ltr'>idest</span> <span class='ocrx_word' id='word_1_297' title='bbox 1184 1611 1220 1644; x_wconf 92' lang='lat' dir='ltr'>in</span> <span class='ocrx_word' id='word_1_298' title='bbox 1239 1610 1488 1645; x_wconf 87' lang='lat' dir='ltr'>meditatione.</span> <span class='ocrx_word' id='word_1_299' title='bbox 1507 1610 1547 1645; x_wconf 91' lang='lat' dir='ltr'>In</span> <span class='ocrx_word' id='word_1_300' title='bbox 1565 1610 1811 1658; x_wconf 84' lang='lat' dir='ltr'>hyacinthinis</span> 
     </span>
     <span class='ocr_line' id='line_1_28' title="bbox 241 1663 1809 1712; baseline -0.002 -11"><span class='ocrx_word' id='word_1_301' title='bbox 241 1675 362 1701; x_wconf 84' lang='lat' dir='ltr'>autem</span> <span class='ocrx_word' id='word_1_302' title='bbox 389 1667 496 1708; x_wconf 89' lang='lat' dir='ltr'>vittis,</span> <span class='ocrx_word' id='word_1_303' title='bbox 524 1677 616 1712; x_wconf 86' lang='lat' dir='ltr'>quae</span> <span class='ocrx_word' id='word_1_304' title='bbox 644 1665 761 1712; x_wconf 89' lang='lat' dir='ltr'>palliis</span> <span class='ocrx_word' id='word_1_305' title='bbox 788 1664 1046 1706; x_wconf 83' lang='lat' dir='ltr'>inferebantur,</span> <span class='ocrx_word' id='word_1_306' title='bbox 1077 1664 1301 1710; x_wconf 84' lang='lat' dir='ltr'>significatur</span> <span class='ocrx_word' id='word_1_307' title='bbox 1332 1663 1500 1699; x_wconf 91' lang='lat' dir='ltr'>coelestis</span> <span class='ocrx_word' id='word_1_308' title='bbox 1527 1664 1691 1706; x_wconf 88' lang='lat' dir='ltr'>intentio,</span> <span class='ocrx_word' id='word_1_309' title='bbox 1717 1676 1809 1711; x_wconf 88' lang='lat' dir='ltr'>quae</span> 
     </span>
     <span class='ocr_line' id='line_1_29' title="bbox 242 1718 1812 1766; baseline -0.001 -12"><span class='ocrx_word' id='word_1_310' title='bbox 242 1721 410 1754; x_wconf 87' lang='lat' dir='ltr'>omnibus</span> <span class='ocrx_word' id='word_1_311' title='bbox 438 1720 606 1766; x_wconf 88' lang='lat' dir='ltr'>operibus</span> <span class='ocrx_word' id='word_1_312' title='bbox 633 1719 765 1754; x_wconf 89' lang='lat' dir='ltr'>nostris</span> <span class='ocrx_word' id='word_1_313' title='bbox 794 1718 899 1753; x_wconf 86' lang='lat' dir='ltr'>debet</span> <span class='ocrx_word' id='word_1_314' title='bbox 926 1718 1089 1764; x_wconf 84' lang='lat' dir='ltr'>adjungi:</span> <span class='ocrx_word' id='word_1_315' title='bbox 1117 1725 1237 1764; x_wconf 91' lang='lat' dir='ltr'>potest</span> <span class='ocrx_word' id='word_1_316' title='bbox 1262 1726 1386 1752; x_wconf 86' lang='lat' dir='ltr'>tamen</span> <span class='ocrx_word' id='word_1_317' title='bbox 1413 1718 1496 1760; x_wconf 88' lang='lat' dir='ltr'>dici,</span> <span class='ocrx_word' id='word_1_318' title='bbox 1523 1718 1621 1765; x_wconf 88' lang='lat' dir='ltr'>quod</span> <span class='ocrx_word' id='word_1_319' title='bbox 1642 1718 1726 1764; x_wconf 91' lang='lat' dir='ltr'>quia</span> <span class='ocrx_word' id='word_1_320' title='bbox 1752 1729 1812 1764; x_wconf 89' lang='lat' dir='ltr'>po-</span> 
     </span>
     <span class='ocr_line' id='line_1_30' title="bbox 241 1771 1813 1821; baseline -0.001 -13"><span class='ocrx_word' id='word_1_321' title='bbox 241 1774 345 1821; x_wconf 89' lang='lat' dir='ltr'>pulus</span> <span class='ocrx_word' id='word_1_322' title='bbox 366 1773 427 1808; x_wconf 87' lang='lat' dir='ltr'>ille</span> <span class='ocrx_word' id='word_1_323' title='bbox 450 1773 604 1808; x_wconf 88' lang='lat' dir='ltr'>carnalis</span> <span class='ocrx_word' id='word_1_324' title='bbox 626 1781 714 1815; x_wconf 87' lang='lat' dir='ltr'>erat,</span> <span class='ocrx_word' id='word_1_325' title='bbox 736 1782 771 1807; x_wconf 87' lang='lat' dir='ltr'>et</span> <span class='ocrx_word' id='word_1_326' title='bbox 793 1772 902 1807; x_wconf 89' lang='lat' dir='ltr'>durae</span> <span class='ocrx_word' id='word_1_327' title='bbox 926 1772 1090 1814; x_wconf 81' lang='lat' dir='ltr'>cervicis,</span> <span class='ocrx_word' id='word_1_328' title='bbox 1113 1771 1275 1818; x_wconf 88' lang='lat' dir='ltr'>oportuit</span> <span class='ocrx_word' id='word_1_329' title='bbox 1296 1771 1407 1806; x_wconf 90' lang='lat' dir='ltr'>etiam</span> <span class='ocrx_word' id='word_1_330' title='bbox 1428 1783 1491 1818; x_wconf 89' lang='lat' dir='ltr'>per</span> <span class='ocrx_word' id='word_1_331' title='bbox 1511 1771 1722 1818; x_wconf 88' lang='lat' dir='ltr'>hujusmodi</span> <span class='ocrx_word' id='word_1_332' title='bbox 1737 1783 1813 1807; x_wconf 90' lang='lat' dir='ltr'>sen-</span> 
     </span>
     <span class='ocr_line' id='line_1_31' title="bbox 241 1826 1098 1874; baseline -0.004 -12"><span class='ocrx_word' id='word_1_333' title='bbox 241 1828 356 1863; x_wconf 86' lang='lat' dir='ltr'>sibilia</span> <span class='ocrx_word' id='word_1_334' title='bbox 379 1839 441 1862; x_wconf 89' lang='lat' dir='ltr'>eos</span> <span class='ocrx_word' id='word_1_335' title='bbox 464 1828 508 1862; x_wconf 86' lang='lat' dir='ltr'>ad</span> <span class='ocrx_word' id='word_1_336' title='bbox 530 1827 620 1874; x_wconf 82' lang='lat' dir='ltr'>legis</span> <span class='ocrx_word' id='word_1_337' title='bbox 643 1826 913 1862; x_wconf 85' lang='lat' dir='ltr'>observantiam</span> <span class='ocrx_word' id='word_1_338' title='bbox 940 1826 1098 1860; x_wconf 86' lang='lat' dir='ltr'>excitari.</span> 
     </span>
    </p>

    <p class='ocr_par' dir='ltr' id='par_1_4' title="bbox 241 1878 1819 2947">
     <span class='ocr_line' id='line_1_32' title="bbox 313 1878 1814 1926; baseline -0.003 -9"><span class='ocrx_word' id='word_1_339' title='bbox 313 1883 373 1917; x_wconf 88' lang='lat' dir='ltr'>AD</span> <span class='ocrx_word' id='word_1_340' title='bbox 393 1892 582 1917; x_wconf 64' lang='lat' dir='ltr'>OCTAYUM</span> <span class='ocrx_word' id='word_1_341' title='bbox 597 1880 804 1923; x_wconf 87' lang='lat' dir='ltr'>dicendum,</span> <span class='ocrx_word' id='word_1_342' title='bbox 820 1879 916 1926; x_wconf 90' lang='lat' dir='ltr'>quod</span> <span class='ocrx_word' id='word_1_343' title='bbox 933 1879 1081 1914; x_wconf 86' lang='lat' dir='ltr'>affectus</span> <span class='ocrx_word' id='word_1_344' title='bbox 1100 1879 1261 1914; x_wconf 87' lang='lat' dir='ltr'>hominis</span> <span class='ocrx_word' id='word_1_345' title='bbox 1276 1887 1330 1914; x_wconf 88' lang='lat' dir='ltr'>est</span> <span class='ocrx_word' id='word_1_346' title='bbox 1343 1878 1481 1925; x_wconf 70' lang='lat' dir='ltr'>duplex.-</span> <span class='ocrx_word' id='word_1_347' title='bbox 1500 1891 1585 1914; x_wconf 84' lang='lat' dir='ltr'>unus</span> <span class='ocrx_word' id='word_1_348' title='bbox 1602 1879 1749 1926; x_wconf 88' lang='lat' dir='ltr'>quidem</span> <span class='ocrx_word' id='word_1_349' title='bbox 1764 1890 1814 1913; x_wconf 87' lang='lat' dir='ltr'>se—</span> 
     </span>
     <span class='ocr_line' id='line_1_33' title="bbox 243 1932 1813 1980; baseline -0.002 -10"><span class='ocrx_word' id='word_1_350' title='bbox 243 1936 402 1971; x_wconf 87' lang='lat' dir='ltr'>cundum</span> <span class='ocrx_word' id='word_1_351' title='bbox 418 1936 617 1970; x_wconf 83' lang='lat' dir='ltr'>rationem:</span> <span class='ocrx_word' id='word_1_352' title='bbox 634 1935 718 1969; x_wconf 71' lang='lat' dir='ltr'>alins</span> <span class='ocrx_word' id='word_1_353' title='bbox 732 1945 819 1968; x_wconf 80' lang='lat' dir='ltr'>vero</span> <span class='ocrx_word' id='word_1_354' title='bbox 835 1934 1036 1968; x_wconf 83' lang='lat' dir='ltr'>secundum</span> <span class='ocrx_word' id='word_1_355' title='bbox 1051 1933 1272 1980; x_wconf 84' lang='lat' dir='ltr'>passionem.</span> <span class='ocrx_word' id='word_1_356' title='bbox 1288 1933 1499 1967; x_wconf 88' lang='lat' dir='ltr'>Secundum</span> <span class='ocrx_word' id='word_1_357' title='bbox 1518 1933 1625 1979; x_wconf 87' lang='lat' dir='ltr'>igitur</span> <span class='ocrx_word' id='word_1_358' title='bbox 1643 1932 1813 1967; x_wconf 84' lang='lat' dir='ltr'>affectum</span> 
     </span>
     <span class='ocr_line' id='line_1_34' title="bbox 244 1986 1815 2034; baseline -0.003 -10"><span class='ocrx_word' id='word_1_359' title='bbox 244 1990 394 2025; x_wconf 89' lang='lat' dir='ltr'>rationis</span> <span class='ocrx_word' id='word_1_360' title='bbox 412 2001 487 2023; x_wconf 92' lang='lat' dir='ltr'>non</span> <span class='ocrx_word' id='word_1_361' title='bbox 510 1988 627 2031; x_wconf 88' lang='lat' dir='ltr'>refert,</span> <span class='ocrx_word' id='word_1_362' title='bbox 650 1988 734 2034; x_wconf 88' lang='lat' dir='ltr'>quid</span> <span class='ocrx_word' id='word_1_363' title='bbox 756 1988 872 2022; x_wconf 90' lang='lat' dir='ltr'>homo</span> <span class='ocrx_word' id='word_1_364' title='bbox 897 1987 992 2021; x_wconf 88' lang='lat' dir='ltr'>circa</span> <span class='ocrx_word' id='word_1_365' title='bbox 1014 1988 1116 2021; x_wconf 89' lang='lat' dir='ltr'>bruta</span> <span class='ocrx_word' id='word_1_366' title='bbox 1145 1986 1315 2021; x_wconf 85' lang='lat' dir='ltr'>animalia</span> <span class='ocrx_word' id='word_1_367' title='bbox 1342 1994 1444 2033; x_wconf 80' lang='lat' dir='ltr'>agat3</span> <span class='ocrx_word' id='word_1_368' title='bbox 1471 1987 1555 2033; x_wconf 89' lang='lat' dir='ltr'>quia</span> <span class='ocrx_word' id='word_1_369' title='bbox 1582 1987 1707 2021; x_wconf 85' lang='lat' dir='ltr'>onmia</span> <span class='ocrx_word' id='word_1_370' title='bbox 1733 1994 1815 2021; x_wconf 87' lang='lat' dir='ltr'>sunt</span> 
     </span>
     <span class='ocr_line' id='line_1_35' title="bbox 243 2040 1814 2090; baseline -0.003 -12"><span class='ocrx_word' id='word_1_371' title='bbox 243 2045 403 2090; x_wconf 83' lang='lat' dir='ltr'>subjecta</span> <span class='ocrx_word' id='word_1_372' title='bbox 430 2044 505 2089; x_wconf 78' lang='lat' dir='ltr'>ejus</span> <span class='ocrx_word' id='word_1_373' title='bbox 531 2042 701 2089; x_wconf 79' lang='lat' dir='ltr'>potestati</span> <span class='ocrx_word' id='word_1_374' title='bbox 728 2053 747 2076; x_wconf 88' lang='lat' dir='ltr'>a</span> <span class='ocrx_word' id='word_1_375' title='bbox 774 2042 868 2083; x_wconf 91' lang='lat' dir='ltr'>Deo,</span> <span class='ocrx_word' id='word_1_376' title='bbox 895 2042 1095 2075; x_wconf 87' lang='lat' dir='ltr'>secundum</span> <span class='ocrx_word' id='word_1_377' title='bbox 1118 2040 1205 2075; x_wconf 90' lang='lat' dir='ltr'>illud</span> <span class='ocrx_word' id='word_1_378' title='bbox 1227 2040 1322 2075; x_wconf 88' lang='lat' dir='ltr'>Psal.</span> <span class='ocrx_word' id='word_1_379' title='bbox 1345 2040 1397 2075; x_wconf 87' lang='lat'>8.:</span> <span class='ocrx_word' id='word_1_380' title='bbox 1423 2041 1551 2076; x_wconf 81' lang='lat' dir='ltr'>Omnia</span> <span class='ocrx_word' id='word_1_381' title='bbox 1571 2041 1737 2087; x_wconf 72' lang='lat' dir='ltr'>subjecisti</span> <span class='ocrx_word' id='word_1_382' title='bbox 1757 2041 1814 2075; x_wconf 69' lang='lat' dir='ltr'>sulz</span> 
     </span>
     <span class='ocr_line' id='line_1_36' title="bbox 241 2094 1813 2145; baseline -0.002 -13"><span class='ocrx_word' id='word_1_383' title='bbox 241 2098 377 2145; x_wconf 64' lang='lat' dir='ltr'>pedibus</span> <span class='ocrx_word' id='word_1_384' title='bbox 398 2100 486 2141; x_wconf 62' lang='lat' dir='ltr'>ejus:</span> <span class='ocrx_word' id='word_1_385' title='bbox 510 2104 545 2131; x_wconf 83' lang='lat' dir='ltr'>et</span> <span class='ocrx_word' id='word_1_386' title='bbox 566 2096 767 2131; x_wconf 89' lang='lat' dir='ltr'>secundum</span> <span class='ocrx_word' id='word_1_387' title='bbox 786 2095 857 2129; x_wconf 87' lang='lat' dir='ltr'>hoc</span> <span class='ocrx_word' id='word_1_388' title='bbox 878 2094 1077 2141; x_wconf 85' lang='lat' dir='ltr'>Apostolus</span> <span class='ocrx_word' id='word_1_389' title='bbox 1092 2094 1189 2136; x_wconf 87' lang='lat' dir='ltr'>dicit,</span> <span class='ocrx_word' id='word_1_390' title='bbox 1204 2094 1301 2140; x_wconf 88' lang='lat' dir='ltr'>quod</span> <span class='ocrx_word' id='word_1_391' title='bbox 1321 2100 1444 2129; x_wconf 78' lang='lat' dir='ltr'>nonest</span> <span class='ocrx_word' id='word_1_392' title='bbox 1461 2106 1543 2129; x_wconf 83' lang='lat' dir='ltr'>cura</span> <span class='ocrx_word' id='word_1_393' title='bbox 1557 2095 1629 2129; x_wconf 65' lang='lat' dir='ltr'>Deo</span> <span class='ocrx_word' id='word_1_394' title='bbox 1641 2094 1678 2129; x_wconf 73' lang='lat' dir='ltr'>de</span> <span class='ocrx_word' id='word_1_395' title='bbox 1693 2095 1813 2134; x_wconf 52' lang='lat' dir='ltr'>bobum</span> 
     </span>
     <span class='ocr_line' id='line_1_37' title="bbox 245 2147 1816 2198; baseline -0.002 -13"><span class='ocrx_word' id='word_1_396' title='bbox 245 2151 328 2198; x_wconf 79' lang='lat' dir='ltr'>quia</span> <span class='ocrx_word' id='word_1_397' title='bbox 350 2151 450 2185; x_wconf 86' lang='lat' dir='ltr'>Deus</span> <span class='ocrx_word' id='word_1_398' title='bbox 473 2161 547 2184; x_wconf 89' lang='lat' dir='ltr'>non</span> <span class='ocrx_word' id='word_1_399' title='bbox 570 2149 718 2195; x_wconf 87' lang='lat' dir='ltr'>requirit</span> <span class='ocrx_word' id='word_1_400' title='bbox 740 2149 781 2183; x_wconf 83' lang='lat' dir='ltr'>ab</span> <span class='ocrx_word' id='word_1_401' title='bbox 805 2149 968 2190; x_wconf 86' lang='lat' dir='ltr'>homine,</span> <span class='ocrx_word' id='word_1_402' title='bbox 992 2148 1075 2194; x_wconf 88' lang='lat' dir='ltr'>quid</span> <span class='ocrx_word' id='word_1_403' title='bbox 1099 2148 1196 2182; x_wconf 86' lang='lat' dir='ltr'>circa</span> <span class='ocrx_word' id='word_1_404' title='bbox 1217 2148 1329 2182; x_wconf 72' lang='lat' dir='ltr'>boves</span> <span class='ocrx_word' id='word_1_405' title='bbox 1352 2156 1445 2193; x_wconf 86' lang='lat' dir='ltr'>agat,</span> <span class='ocrx_word' id='word_1_406' title='bbox 1460 2147 1518 2182; x_wconf 86' lang='lat' dir='ltr'>vel</span> <span class='ocrx_word' id='word_1_407' title='bbox 1541 2148 1637 2182; x_wconf 90' lang='lat' dir='ltr'>circa</span> <span class='ocrx_word' id='word_1_408' title='bbox 1655 2147 1725 2182; x_wconf 88' lang='lat' dir='ltr'>alia</span> <span class='ocrx_word' id='word_1_409' title='bbox 1745 2148 1816 2182; x_wconf 88' lang='lat' dir='ltr'>ani-</span> 
     </span>
     <span class='ocr_line' id='line_1_38' title="bbox 246 2201 1815 2249; baseline -0.002 -10"><span class='ocrx_word' id='word_1_410' title='bbox 246 2205 367 2239; x_wconf 84' lang='lat' dir='ltr'>malia.</span> <span class='ocrx_word' id='word_1_411' title='bbox 391 2204 581 2245; x_wconf 81' lang='lat' dir='ltr'>Quantum</span> <span class='ocrx_word' id='word_1_412' title='bbox 600 2214 686 2237; x_wconf 81' lang='lat' dir='ltr'>vero</span> <span class='ocrx_word' id='word_1_413' title='bbox 707 2203 750 2236; x_wconf 87' lang='lat' dir='ltr'>ad</span> <span class='ocrx_word' id='word_1_414' title='bbox 774 2202 946 2237; x_wconf 83' lang='lat' dir='ltr'>affectum</span> <span class='ocrx_word' id='word_1_415' title='bbox 962 2202 1153 2249; x_wconf 84' lang='lat' dir='ltr'>passionis,</span> <span class='ocrx_word' id='word_1_416' title='bbox 1171 2209 1339 2236; x_wconf 80' lang='lat' dir='ltr'>movetur</span> <span class='ocrx_word' id='word_1_417' title='bbox 1359 2201 1508 2236; x_wconf 88' lang='lat' dir='ltr'>affectus</span> <span class='ocrx_word' id='word_1_418' title='bbox 1529 2202 1690 2236; x_wconf 84' lang='lat' dir='ltr'>hominis</span> <span class='ocrx_word' id='word_1_419' title='bbox 1705 2202 1815 2237; x_wconf 87' lang='lat' dir='ltr'>etiam</span> 
     </span>
     <span class='ocr_line' id='line_1_39' title="bbox 247 2255 1815 2303; baseline -0.001 -11"><span class='ocrx_word' id='word_1_420' title='bbox 247 2259 341 2293; x_wconf 85' lang='lat' dir='ltr'>circa</span> <span class='ocrx_word' id='word_1_421' title='bbox 364 2257 432 2292; x_wconf 85' lang='lat' dir='ltr'>alia</span> <span class='ocrx_word' id='word_1_422' title='bbox 456 2256 639 2299; x_wconf 83' lang='lat' dir='ltr'>animalia,</span> <span class='ocrx_word' id='word_1_423' title='bbox 655 2257 737 2303; x_wconf 87' lang='lat' dir='ltr'>quia</span> <span class='ocrx_word' id='word_1_424' title='bbox 757 2257 854 2291; x_wconf 89' lang='lat' dir='ltr'>enim</span> <span class='ocrx_word' id='word_1_425' title='bbox 870 2256 990 2303; x_wconf 87' lang='lat' dir='ltr'>passio</span> <span class='ocrx_word' id='word_1_426' title='bbox 1006 2255 1277 2290; x_wconf 85' lang='lat' dir='ltr'>misericordiae</span> <span class='ocrx_word' id='word_1_427' title='bbox 1297 2257 1483 2302; x_wconf 86' lang='lat' dir='ltr'>consurgit</span> <span class='ocrx_word' id='word_1_428' title='bbox 1501 2267 1543 2290; x_wconf 86' lang='lat' dir='ltr'>ex</span> <span class='ocrx_word' id='word_1_429' title='bbox 1562 2255 1815 2291; x_wconf 87' lang='lat' dir='ltr'>afflictionibus</span> 
     </span>
     <span class='ocr_line' id='line_1_40' title="bbox 247 2308 1818 2357; baseline -0.001 -11"><span class='ocrx_word' id='word_1_430' title='bbox 247 2312 414 2353; x_wconf 89' lang='lat' dir='ltr'>aliorum,</span> <span class='ocrx_word' id='word_1_431' title='bbox 442 2310 620 2357; x_wconf 80' lang='lat' dir='ltr'>contingit</span> <span class='ocrx_word' id='word_1_432' title='bbox 642 2318 764 2344; x_wconf 88' lang='lat' dir='ltr'>autem</span> <span class='ocrx_word' id='word_1_433' title='bbox 787 2310 897 2344; x_wconf 86' lang='lat' dir='ltr'>etiam</span> <span class='ocrx_word' id='word_1_434' title='bbox 920 2310 1021 2344; x_wconf 85' lang='lat' dir='ltr'>bruta</span> <span class='ocrx_word' id='word_1_435' title='bbox 1045 2308 1216 2343; x_wconf 85' lang='lat' dir='ltr'>animalia</span> <span class='ocrx_word' id='word_1_436' title='bbox 1239 2320 1375 2355; x_wconf 87' lang='lat' dir='ltr'>poenas</span> <span class='ocrx_word' id='word_1_437' title='bbox 1397 2310 1542 2351; x_wconf 89' lang='lat' dir='ltr'>sentire,</span> <span class='ocrx_word' id='word_1_438' title='bbox 1564 2317 1682 2356; x_wconf 89' lang='lat' dir='ltr'>potest</span> <span class='ocrx_word' id='word_1_439' title='bbox 1699 2310 1735 2344; x_wconf 88' lang='lat' dir='ltr'>in</span> <span class='ocrx_word' id='word_1_440' title='bbox 1754 2310 1818 2344; x_wconf 91' lang='lat' dir='ltr'>ho-</span> 
     </span>
     <span class='ocr_line' id='line_1_41' title="bbox 246 2363 1815 2410; baseline -0.001 -10"><span class='ocrx_word' id='word_1_441' title='bbox 246 2366 343 2400; x_wconf 89' lang='lat' dir='ltr'>mine</span> <span class='ocrx_word' id='word_1_442' title='bbox 365 2376 584 2410; x_wconf 77' lang='lat' dir='ltr'>consurgere</span> <span class='ocrx_word' id='word_1_443' title='bbox 607 2363 879 2398; x_wconf 81' lang='lat' dir='ltr'>misericordiae</span> <span class='ocrx_word' id='word_1_444' title='bbox 903 2363 1053 2398; x_wconf 86' lang='lat' dir='ltr'>affectus</span> <span class='ocrx_word' id='word_1_445' title='bbox 1081 2363 1191 2398; x_wconf 85' lang='lat' dir='ltr'>etiam</span> <span class='ocrx_word' id='word_1_446' title='bbox 1219 2363 1315 2397; x_wconf 86' lang='lat' dir='ltr'>circa</span> <span class='ocrx_word' id='word_1_447' title='bbox 1344 2363 1558 2398; x_wconf 83' lang='lat' dir='ltr'>afflictiones</span> <span class='ocrx_word' id='word_1_448' title='bbox 1585 2363 1815 2399; x_wconf 87' lang='lat' dir='ltr'>animalium:</span> 
     </span>
     <span class='ocr_line' id='line_1_42' title="bbox 247 2416 1816 2466; baseline -0.001 -14"><span class='ocrx_word' id='word_1_449' title='bbox 247 2419 454 2466; x_wconf 76' lang='lat' dir='ltr'>proximum</span> <span class='ocrx_word' id='word_1_450' title='bbox 477 2429 599 2453; x_wconf 86' lang='lat' dir='ltr'>autem</span> <span class='ocrx_word' id='word_1_451' title='bbox 623 2425 686 2459; x_wconf 87' lang='lat' dir='ltr'>est,</span> <span class='ocrx_word' id='word_1_452' title='bbox 706 2425 744 2451; x_wconf 93' lang='lat' dir='ltr'>ut</span> <span class='ocrx_word' id='word_1_453' title='bbox 758 2417 817 2463; x_wconf 89' lang='lat' dir='ltr'>qui</span> <span class='ocrx_word' id='word_1_454' title='bbox 837 2426 1023 2452; x_wconf 84' lang='lat' dir='ltr'>exercetur</span> <span class='ocrx_word' id='word_1_455' title='bbox 1038 2417 1074 2451; x_wconf 86' lang='lat' dir='ltr'>in</span> <span class='ocrx_word' id='word_1_456' title='bbox 1090 2416 1221 2452; x_wconf 82' lang='lat' dir='ltr'>affectu</span> <span class='ocrx_word' id='word_1_457' title='bbox 1238 2416 1508 2452; x_wconf 86' lang='lat' dir='ltr'>misericordiae</span> <span class='ocrx_word' id='word_1_458' title='bbox 1523 2416 1619 2451; x_wconf 88' lang='lat' dir='ltr'>circa</span> <span class='ocrx_word' id='word_1_459' title='bbox 1634 2416 1816 2459; x_wconf 87' lang='lat' dir='ltr'>animalia,</span> 
     </span>
     <span class='ocr_line' id='line_1_43' title="bbox 248 2470 1817 2518; baseline -0.001 -11"><span class='ocrx_word' id='word_1_460' title='bbox 248 2473 364 2518; x_wconf 80' lang='lat' dir='ltr'>magis</span> <span class='ocrx_word' id='word_1_461' title='bbox 387 2485 428 2507; x_wconf 87' lang='lat' dir='ltr'>ex</span> <span class='ocrx_word' id='word_1_462' title='bbox 451 2473 522 2506; x_wconf 89' lang='lat' dir='ltr'>hoc</span> <span class='ocrx_word' id='word_1_463' title='bbox 545 2472 757 2518; x_wconf 85' lang='lat' dir='ltr'>disponatur</span> <span class='ocrx_word' id='word_1_464' title='bbox 779 2471 821 2504; x_wconf 89' lang='lat' dir='ltr'>ad</span> <span class='ocrx_word' id='word_1_465' title='bbox 846 2470 1017 2505; x_wconf 80' lang='lat' dir='ltr'>affectum</span> <span class='ocrx_word' id='word_1_466' title='bbox 1040 2470 1311 2505; x_wconf 87' lang='lat' dir='ltr'>misericordiae</span> <span class='ocrx_word' id='word_1_467' title='bbox 1335 2471 1430 2505; x_wconf 89' lang='lat' dir='ltr'>circa</span> <span class='ocrx_word' id='word_1_468' title='bbox 1451 2470 1639 2505; x_wconf 90' lang='lat' dir='ltr'>homines:</span> <span class='ocrx_word' id='word_1_469' title='bbox 1660 2471 1754 2505; x_wconf 90' lang='lat' dir='ltr'>unde</span> <span class='ocrx_word' id='word_1_470' title='bbox 1771 2471 1817 2505; x_wconf 92' lang='lat' dir='ltr'>di-</span> 
     </span>
     <span class='ocr_line' id='line_1_44' title="bbox 248 2525 1819 2570; baseline -0.002 -9"><span class='ocrx_word' id='word_1_471' title='bbox 248 2528 339 2561; x_wconf 85' lang='lat' dir='ltr'>citur</span> <span class='ocrx_word' id='word_1_472' title='bbox 361 2526 533 2560; x_wconf 78' lang='lat' dir='ltr'>Proverb.</span> <span class='ocrx_word' id='word_1_473' title='bbox 560 2535 629 2560; x_wconf 85' lang='lat'>12.:</span> <span class='ocrx_word' id='word_1_474' title='bbox 654 2526 758 2560; x_wconf 67' lang='lat' dir='ltr'>Nevit</span> <span class='ocrx_word' id='word_1_475' title='bbox 773 2527 880 2570; x_wconf 60' lang='lat' dir='ltr'>justiis</span> <span class='ocrx_word' id='word_1_476' title='bbox 907 2526 1038 2559; x_wconf 71' lang='lat' dir='ltr'>illlimtls</span> <span class='ocrx_word' id='word_1_477' title='bbox 1056 2527 1284 2570; x_wconf 68' lang='lat' dir='ltr'>jicmeiztormn</span> <span class='ocrx_word' id='word_1_478' title='bbox 1306 2536 1463 2559; x_wconf 73' lang='lat' dir='ltr'>suorum:</span> <span class='ocrx_word' id='word_1_479' title='bbox 1485 2525 1613 2559; x_wconf 64' lang='lat' dir='ltr'>viscera</span> <span class='ocrx_word' id='word_1_480' title='bbox 1632 2529 1738 2559; x_wconf 72' lang='lat' dir='ltr'>autem</span> <span class='ocrx_word' id='word_1_481' title='bbox 1758 2526 1819 2558; x_wconf 81' lang='lat' dir='ltr'>im-</span> 
     </span>
     <span class='ocr_line' id='line_1_45' title="bbox 243 2578 1814 2627; baseline -0.001 -13"><span class='ocrx_word' id='word_1_482' title='bbox 243 2582 381 2627; x_wconf 71' lang='lat' dir='ltr'>piorum</span> <span class='ocrx_word' id='word_1_483' title='bbox 412 2580 582 2619; x_wconf 51' lang='lat' dir='ltr'>crudelia,</span> <span class='ocrx_word' id='word_1_484' title='bbox 611 2586 645 2612; x_wconf 84' lang='lat' dir='ltr'>et</span> <span class='ocrx_word' id='word_1_485' title='bbox 674 2578 769 2620; x_wconf 89' lang='lat' dir='ltr'>ideo,</span> <span class='ocrx_word' id='word_1_486' title='bbox 798 2587 834 2612; x_wconf 88' lang='lat' dir='ltr'>ut</span> <span class='ocrx_word' id='word_1_487' title='bbox 862 2578 1044 2612; x_wconf 89' lang='lat' dir='ltr'>Dominus</span> <span class='ocrx_word' id='word_1_488' title='bbox 1071 2578 1247 2624; x_wconf 84' lang='lat' dir='ltr'>populum</span> <span class='ocrx_word' id='word_1_489' title='bbox 1270 2578 1462 2623; x_wconf 91' lang='lat' dir='ltr'>Judaicum</span> <span class='ocrx_word' id='word_1_490' title='bbox 1497 2578 1541 2611; x_wconf 90' lang='lat' dir='ltr'>ad</span> <span class='ocrx_word' id='word_1_491' title='bbox 1564 2578 1814 2612; x_wconf 78' lang='lat' dir='ltr'>crudelitatem</span> 
     </span>
     <span class='ocr_line' id='line_1_46' title="bbox 248 2631 1817 2681; baseline -0.001 -14"><span class='ocrx_word' id='word_1_492' title='bbox 248 2645 415 2681; x_wconf 90' lang='lat' dir='ltr'>pronum,</span> <span class='ocrx_word' id='word_1_493' title='bbox 438 2633 481 2667; x_wconf 90' lang='lat' dir='ltr'>ad</span> <span class='ocrx_word' id='word_1_494' title='bbox 506 2632 793 2666; x_wconf 83' lang='lat' dir='ltr'>misericordiam</span> <span class='ocrx_word' id='word_1_495' title='bbox 818 2640 1017 2673; x_wconf 76' lang='lat' dir='ltr'>revocaret,</span> <span class='ocrx_word' id='word_1_496' title='bbox 1040 2631 1155 2666; x_wconf 76' lang='lat' dir='ltr'>voluit</span> <span class='ocrx_word' id='word_1_497' title='bbox 1176 2643 1239 2666; x_wconf 89' lang='lat' dir='ltr'>eos</span> <span class='ocrx_word' id='word_1_498' title='bbox 1262 2643 1428 2666; x_wconf 83' lang='lat' dir='ltr'>exercere</span> <span class='ocrx_word' id='word_1_499' title='bbox 1456 2631 1499 2665; x_wconf 84' lang='lat' dir='ltr'>ad</span> <span class='ocrx_word' id='word_1_500' title='bbox 1528 2631 1817 2666; x_wconf 83' lang='lat' dir='ltr'>misericordiam</span> 
     </span>
     <span class='ocr_line' id='line_1_47' title="bbox 248 2685 1817 2732; baseline -0.001 -11"><span class='ocrx_word' id='word_1_501' title='bbox 248 2688 358 2722; x_wconf 87' lang='lat' dir='ltr'>etiam</span> <span class='ocrx_word' id='word_1_502' title='bbox 382 2687 476 2721; x_wconf 88' lang='lat' dir='ltr'>circa</span> <span class='ocrx_word' id='word_1_503' title='bbox 498 2686 601 2720; x_wconf 76' lang='lat' dir='ltr'>bruta</span> <span class='ocrx_word' id='word_1_504' title='bbox 624 2685 807 2727; x_wconf 80' lang='lat' dir='ltr'>animalia,</span> <span class='ocrx_word' id='word_1_505' title='bbox 830 2686 1025 2731; x_wconf 79' lang='lat' dir='ltr'>prohibens</span> <span class='ocrx_word' id='word_1_506' title='bbox 1048 2685 1226 2731; x_wconf 73' lang='lat' dir='ltr'>quaedam</span> <span class='ocrx_word' id='word_1_507' title='bbox 1250 2685 1345 2719; x_wconf 87' lang='lat' dir='ltr'>circa</span> <span class='ocrx_word' id='word_1_508' title='bbox 1369 2685 1539 2719; x_wconf 87' lang='lat' dir='ltr'>animalia</span> <span class='ocrx_word' id='word_1_509' title='bbox 1562 2685 1648 2728; x_wconf 83' lang='lat' dir='ltr'>fieri,</span> <span class='ocrx_word' id='word_1_510' title='bbox 1663 2697 1754 2732; x_wconf 85' lang='lat' dir='ltr'>quae</span> <span class='ocrx_word' id='word_1_511' title='bbox 1774 2685 1817 2720; x_wconf 88' lang='lat' dir='ltr'>ad</span> 
     </span>
     <span class='ocr_line' id='line_1_48' title="bbox 249 2739 1818 2786; baseline -0.001 -11"><span class='ocrx_word' id='word_1_512' title='bbox 249 2741 499 2775; x_wconf 80' lang='lat' dir='ltr'>crudelitatem</span> <span class='ocrx_word' id='word_1_513' title='bbox 522 2740 719 2786; x_wconf 82' lang='lat' dir='ltr'>quamdam</span> <span class='ocrx_word' id='word_1_514' title='bbox 747 2741 925 2785; x_wconf 83' lang='lat' dir='ltr'>pertinere</span> <span class='ocrx_word' id='word_1_515' title='bbox 952 2739 1138 2781; x_wconf 54' lang='lat' dir='ltr'>videntum</span> <span class='ocrx_word' id='word_1_516' title='bbox 1161 2747 1195 2774; x_wconf 86' lang='lat' dir='ltr'>et</span> <span class='ocrx_word' id='word_1_517' title='bbox 1228 2739 1310 2773; x_wconf 87' lang='lat' dir='ltr'>ideo</span> <span class='ocrx_word' id='word_1_518' title='bbox 1340 2739 1534 2785; x_wconf 87' lang='lat' dir='ltr'>prohibuit,</span> <span class='ocrx_word' id='word_1_519' title='bbox 1561 2751 1599 2774; x_wconf 72' lang='lat' dir='ltr'>ne</span> <span class='ocrx_word' id='word_1_520' title='bbox 1628 2744 1818 2785; x_wconf 56' lang='lat' dir='ltr'>coqueretur</span> 
     </span>
     <span class='ocr_line' id='line_1_49' title="bbox 250 2793 1817 2839; baseline -0.001 -10"><span class='ocrx_word' id='word_1_521' title='bbox 250 2795 366 2829; x_wconf 61' lang='lat' dir='ltr'>hoedus</span> <span class='ocrx_word' id='word_1_522' title='bbox 389 2796 421 2829; x_wconf 76' lang='grc' dir='ltr'>ιἰι</span> <span class='ocrx_word' id='word_1_523' title='bbox 443 2795 524 2829; x_wconf 62' lang='lat' dir='ltr'>lact:</span> <span class='ocrx_word' id='word_1_524' title='bbox 547 2795 684 2834; x_wconf 46' lang='lat' dir='ltr'>inultis]</span> <span class='ocrx_word' id='word_1_525' title='bbox 710 2802 744 2828; x_wconf 87' lang='lat' dir='ltr'>et</span> <span class='ocrx_word' id='word_1_526' title='bbox 766 2793 862 2839; x_wconf 87' lang='lat' dir='ltr'>quod</span> <span class='ocrx_word' id='word_1_527' title='bbox 885 2805 949 2827; x_wconf 74' lang='lat' dir='ltr'>non</span> <span class='ocrx_word' id='word_1_528' title='bbox 973 2794 1169 2837; x_wconf 64' lang='lat' dir='ltr'>alligaretur</span> <span class='ocrx_word' id='word_1_529' title='bbox 1191 2805 1224 2827; x_wconf 78' lang='lat' dir='ltr'>os</span> <span class='ocrx_word' id='word_1_530' title='bbox 1247 2794 1324 2827; x_wconf 67' lang='lat' dir='ltr'>bovi</span> <span class='ocrx_word' id='word_1_531' title='bbox 1352 2794 1546 2834; x_wconf 80' lang='lat' dir='ltr'>trituranti;</span> <span class='ocrx_word' id='word_1_532' title='bbox 1569 2801 1604 2827; x_wconf 89' lang='lat' dir='ltr'>et</span> <span class='ocrx_word' id='word_1_533' title='bbox 1629 2793 1725 2839; x_wconf 88' lang='lat' dir='ltr'>quod</span> <span class='ocrx_word' id='word_1_534' title='bbox 1753 2805 1817 2827; x_wconf 82' lang='lat' dir='ltr'>uon</span> 
     </span>
     <span class='ocr_line' id='line_1_50' title="bbox 251 2846 1815 2893; baseline -0.003 -9"><span class='ocrx_word' id='word_1_535' title='bbox 251 2849 452 2884; x_wconf 60' lang='lat' dir='ltr'>occideretur</span> <span class='ocrx_word' id='word_1_536' title='bbox 471 2853 576 2882; x_wconf 67' lang='lat' dir='ltr'>imiter</span> <span class='ocrx_word' id='word_1_537' title='bbox 598 2860 670 2882; x_wconf 69' lang='lat' dir='ltr'>cum</span> <span class='ocrx_word' id='word_1_538' title='bbox 692 2848 780 2892; x_wconf 76' lang='lat' dir='ltr'>siliis.</span> <span class='ocrx_word' id='word_1_539' title='bbox 806 2846 988 2887; x_wconf 73' lang='lat' dir='ltr'>Quamvis</span> <span class='ocrx_word' id='word_1_540' title='bbox 1011 2847 1119 2880; x_wconf 74' lang='lat' dir='ltr'>etium</span> <span class='ocrx_word' id='word_1_541' title='bbox 1149 2847 1218 2880; x_wconf 83' lang='lat' dir='ltr'>dici</span> <span class='ocrx_word' id='word_1_542' title='bbox 1246 2846 1369 2893; x_wconf 90' lang='lat' dir='ltr'>possit,</span> <span class='ocrx_word' id='word_1_543' title='bbox 1397 2847 1493 2892; x_wconf 89' lang='lat' dir='ltr'>quod</span> <span class='ocrx_word' id='word_1_544' title='bbox 1520 2846 1611 2881; x_wconf 85' lang='lat' dir='ltr'>haec</span> <span class='ocrx_word' id='word_1_545' title='bbox 1638 2846 1815 2893; x_wconf 79' lang='lat' dir='ltr'>prohibita</span> 
     </span>
     <span class='ocr_line' id='line_1_51' title="bbox 252 2899 1817 2947; baseline -0.001 -11"><span class='ocrx_word' id='word_1_546' title='bbox 252 2910 333 2937; x_wconf 86' lang='lat' dir='ltr'>sunt</span> <span class='ocrx_word' id='word_1_547' title='bbox 355 2902 404 2936; x_wconf 86' lang='lat' dir='ltr'>eis</span> <span class='ocrx_word' id='word_1_548' title='bbox 426 2901 461 2935; x_wconf 88' lang='lat' dir='ltr'>in</span> <span class='ocrx_word' id='word_1_549' title='bbox 481 2901 760 2936; x_wconf 78' lang='lat' dir='ltr'>detestationem</span> <span class='ocrx_word' id='word_1_550' title='bbox 780 2900 1028 2935; x_wconf 78' lang='lat' dir='ltr'>idololatriae:</span> <span class='ocrx_word' id='word_1_551' title='bbox 1048 2912 1132 2934; x_wconf 70' lang='lat' dir='ltr'>nam</span> <span class='ocrx_word' id='word_1_552' title='bbox 1154 2900 1325 2947; x_wconf 82' lang='lat' dir='ltr'>Aegyptii</span> <span class='ocrx_word' id='word_1_553' title='bbox 1343 2899 1520 2935; x_wconf 82' lang='lat' dir='ltr'>nefarium</span> <span class='ocrx_word' id='word_1_554' title='bbox 1542 2900 1765 2946; x_wconf 86' lang='lat' dir='ltr'>reputabant,</span> <span class='ocrx_word' id='word_1_555' title='bbox 1780 2909 1817 2934; x_wconf 88' lang='lat' dir='ltr'>ut</span> 
     </span>
    </p>
   </div>
  </div>
 </body>
</html>
