1875 3198
235 191 317 233 732
676 198 898 232 QUAESTIO
933 201 971 230 C.
1006 203 1253 234 ARTICULUS
1286 206 1360 236 XII.

232 273 432 307 secundum
447 286 484 309 se
506 276 543 309 in
565 278 737 322 generali,
760 288 866 325 prout
880 281 1018 316 scilicet
1039 283 1299 320 exhibebantur
1320 287 1370 331 [al
1391 289 1577 336 exhibeant]
1600 292 1636 326 in
1659 293 1797 328 cultum

231 325 318 360 Dei:
341 326 374 359 in
396 328 543 373 speciali
563 341 650 364 vero
670 343 743 365 non
760 334 992 369 continebant
1014 338 1214 372 secundum
1236 350 1272 372 se
1287 340 1471 384 justitiam,
1487 343 1556 377 nisi
1577 356 1620 378 ex
1641 346 1720 380 sola
1741 348 1800 382 de-

231 379 484 415 terminatione
507 382 597 428 legis
613 384 765 426 divinae,
790 393 824 419 et
846 387 927 420 ideo
943 387 986 421 de
1001 388 1211 434 hujusmodi
1230 394 1428 439 praeceptis
1450 396 1589 439 dicitur,
1612 400 1707 444 quod
1721 412 1797 435 non

229 431 480 476 justificabant,
502 435 627 470 nisiex
643 436 849 480 devotione,
872 447 907 474 et
928 440 1133 476 obedientia
1151 443 1380 480 facientium:
1400 458 1593 496 praecepta
1613 462 1699 486 vero
1722 465 1798 488 mo-

229 483 328 526 ralia,
352 494 386 520 et
406 487 588 531 judicialia
612 490 846 526 continebant
867 492 913 535 id,
936 495 1033 539 quod
1057 504 1132 530 erat
1154 498 1353 533 secundum
1374 512 1412 534 se
1434 502 1580 547 justum,
1607 504 1666 538 vel
1686 506 1795 541 etiam

227 537 264 570 in
286 539 452 584 speciali:
477 541 538 575 sed
561 542 714 576 moralia
736 553 927 591 praecepta
947 548 1181 584 continebant
1206 551 1252 593 id,
1275 553 1372 597 quod
1395 563 1448 589 est
1465 557 1667 591 secundum
1688 570 1725 593 se
1746 561 1794 605 ju-

228 598 323 625 stum
353 594 553 627 secundum
580 595 751 639 justitiam
780 598 999 643 generalem,
1030 613 1121 647 quae
1150 611 1202 637 est
1232 606 1351 640 omnis
1380 607 1504 650 virtus,
1535 617 1573 643 ut
1603 610 1733 646 dicitur
1758 613 1792 647 in

231 654 258 688 5.
281 644 397 679 Ethic.
425 647 514 693 (cap.
535 658 562 681 Ι.
582 660 602 682 ιι
628 649 749 695 med.):
774 660 966 698 praecepta
988 666 1074 689 vero
1101 655 1285 701 judicialia
1306 660 1533 704 pertinebant
1559 663 1602 697 ad
1620 664 1792 709 justitiam

227 698 435 743 specialem,
458 711 549 746 quae
572 703 735 737 consistit
758 704 852 738 circa
876 714 1082 742 contractus
1104 709 1287 745 humanae
1305 712 1411 756 vitae,
1434 715 1495 760 qui
1516 724 1598 751 sunt
1618 717 1711 752 inter
1730 719 1794 753 ho-

226 751 342 785 mines
365 752 407 785 ad
430 753 598 788 invicem.

296 804 356 838 AD
383 815 533 841 PRIMUM
556 819 642 854 ergo
664 809 870 853 dicendum,
893 813 990 858 quod
1011 814 1212 860 Apostolus
1228 818 1360 865 accipit
1381 820 1430 854 ibi
1442 822 1710 868 justificationem
1725 836 1791 870 pro

224 858 436 893 executione
457 860 623 905 justitiae.

294 911 354 945 AD
371 922 578 949 SECUNDUM
596 915 801 959 dicendum,
821 919 917 964 quod
936 920 1050 955 horno
1066 921 1202 957 faciens
1216 935 1409 973 praecepta
1423 927 1514 974 legis
1528 929 1658 965 dicitur
1670 932 1791 965 vivere

221 963 256 996 in
279 964 340 1006 eis,
363 966 445 1011 quia
468 978 541 1001 non
564 968 769 1005 incurrebat
787 983 944 1017 poenam
976 975 1113 1018 mortis,
1141 988 1250 1022 quam
1272 978 1330 1013 lex
1355 984 1680 1028 transgressoribus
1702 984 1791 1018 infli-

221 1017 346 1061 gebat:
369 1019 404 1052 in
427 1032 498 1066 quo
522 1033 627 1056 sensu
651 1023 789 1059 inducit
810 1025 880 1060 hoc
903 1026 1103 1073 Apostolus
1126 1030 1169 1064 ad
1195 1031 1275 1066 Gal.
1302 1044 1330 1079 3.

292 1072 352 1106 AD
372 1083 543 1109 TERTIUM
566 1076 772 1120 dicendum,
796 1079 892 1125 quod
918 1091 1112 1128 praecepta
1130 1083 1219 1130 legis
1238 1085 1421 1122 humanae
1441 1089 1636 1134 justificant
1656 1092 1790 1137 justitia

221 1125 406 1170 acquisita,
430 1127 473 1161 de
496 1140 566 1174 qua
587 1141 661 1164 non
684 1132 866 1177 quaeritur
888 1134 932 1168 ad
951 1146 1132 1181 praesens,
1154 1138 1215 1172 sed
1238 1139 1359 1175 solum
1381 1141 1424 1176 de
1445 1143 1592 1188 justitia,
1624 1156 1715 1191 quae
1738 1154 1790 1180 est

221 1178 314 1224 apud
333 1180 479 1223 Deum„

761 1436 1118 1497 QUAESTIO
1161 1442 1238 1490 cl.

356 1554 419 1585 DE
460 1555 742 1590 PRAECEPTIS
782 1560 1232 1598 CAEREMONIALIBUS
1271 1567 1531 1601 SECUNDUM
1570 1571 1638 1609 SE,

597 1629 647 1659 IN
675 1629 903 1669 QUATUOR
930 1634 1192 1667 ARTICULOS
1219 1637 1394 1671 DIVISA.

283 1764 562 1813 Consequenter
584 1770 890 1808 considerandum
913 1783 965 1809 est
979 1775 1023 1810 de
1045 1779 1246 1825 praeceptis
1261 1782 1606 1818 caeremonialibus:
1627 1787 1782 1832 etprimo

211 1817 254 1851 de
276 1818 361 1864 ipsis
384 1821 586 1856 secundum
609 1834 664 1857 se:
687 1826 824 1860 secundo
847 1826 890 1861 de
914 1839 1021 1863 causa
1045 1841 1191 1865 eorum:
1215 1835 1311 1868 tertio
1334 1834 1377 1868 de
1395 1835 1583 1872 duratione
1605 1838 1779 1884 ipsorum.

659 1913 763 1949 Circa
778 1917 931 1961 primum
954 1926 1162 1964 quaeruntur
1183 1928 1337 1967 quatuor.

279 1979 414 2014 Primo.
441 1981 546 2022 Quae
565 1983 609 2017 sit
631 1985 723 2019 ratio
745 1996 1022 2034 praeceptorum
1047 1993 1382 2028 caeremonialium.

280 2032 461 2069 Secundo.
487 2036 615 2070 Utrum
637 2038 707 2072 sint
729 2038 903 2085 figuralia.

280 2085 418 2121 Tertio.
444 2088 575 2124 Utrum
598 2091 758 2126 debuerit
781 2105 859 2128 esse
883 2095 1007 2131 multa.

280 2138 433 2180 Quarto.
456 2142 512 2176 Dc
535 2143 765 2180 distinctione
788 2147 962 2193 ipsorum.

779 2278 1127 2325 ARTICULUS
1164 2283 1195 2326 I.
1713 2311 1775 2346 542

207 2377 355 2408 UTRUM
378 2380 513 2410 RATIO
537 2382 886 2416 PRAECEP'I'ORUM
912 2388 1310 2421 CAEREMONIALIUM
1331 2393 1375 2422 IN
1400 2393 1491 2424 HOC
1513 2395 1774 2436 CONSISTAT,

582 2443 709 2478 QUOD
739 2445 982 2477 PERTINENT
1011 2449 1068 2477 AD
1101 2450 1283 2480 CULTUM
1311 2452 1396 2481 DEI.

351 2527 467 2574 (Supr.
491 2541 520 2574 q.
544 2542 598 2575 99.
618 2536 681 2565 art.
702 2544 728 2577 3.
752 2538 779 2566 a!
803 2534 880 2579 infr.
904 2547 932 2580 ‹].
956 2548 1031 2580 104.
1054 2543 1119 2572 art.
1145 2548 1173 2572 Ι.
1196 2544 1224 2573 ct
1245 2551 1275 2585 q.
1298 2541 1371 2576 108.
1393 2546 1456 2576 art.
1479 2554 1510 2577 2.
1533 2550 1622 2590 corp.

267 2584 294 2612 ct
316 2591 385 2614 2-2.
405 2593 434 2627 q.
458 2594 528 2617 122.
549 2589 612 2618 ιιι-Ι.
636 2597 661 2619 J.
685 2585 727 2618 ml
748 2597 777 2620 2.
801 2592 829 2620 ct
854 2588 973 2631 Quod).
997 2601 1026 2624 2.
1050 2596 1113 2624 ιινΙ.
1136 2592 1167 2626 S.
1191 2599 1280 2639 corp.
1299 2598 1328 2628 ct
1351 2594 1472 2638 Quodl.
1494 2607 1526 2639 4.
1547 2602 1611 2631 art.
1635 2599 1707 2643 13).

273 2667 333 2702 AD
356 2679 504 2704 ptumum
520 2671 569 2705 sic
591 2673 806 2717 proceditur.
827 2673 989 2718 Videtur,
1006 2678 1101 2722 quod
1122 2679 1212 2713 ratio
1230 2689 1505 2727 praeceptorum
1526 2685 1774 2719 caeremonia-

203 2719 291 2754 lium
315 2733 386 2755 non
408 2722 442 2756 in
466 2723 536 2758 hoc
557 2726 742 2767 consistat,
765 2728 860 2773 quod
881 2730 1058 2774 pertinent
1078 2731 1120 2765 ad
1138 2732 1274 2767 cultum
1292 2733 1380 2769 Dei:
1398 2735 1432 2769 in
1448 2735 1527 2782 lege
1543 2737 1639 2771 enim
1662 2739 1773 2773 veteri

203 2772 332 2807 dantur
349 2775 495 2820 Judaeis
512 2779 689 2823 quaedam
707 2790 897 2827 praecepta
915 2783 956 2816 de
981 2784 1194 2819 abstinentia
1218 2787 1395 2829 ciborum,
1411 2797 1448 2823 ut
1471 2798 1566 2835 patet
1588 2790 1703 2826 Levit.
1722 2802 1771 2826 11.

201 2834 235 2860 et
257 2828 365 2861 etiam
390 2829 432 2863 de
456 2830 668 2866 abstinendo
697 2833 739 2866 ab
769 2833 946 2880 aliquibus
975 2838 1210 2880 vestimentis,
1238 2842 1438 2875 secundum
1467 2842 1554 2877 illud
1582 2843 1668 2878 Lev.
1701 2855 1770 2891 19.:

205 2880 432 2927 l'cslwn,q1me
444 2884 615 2920 tax-duobus
627 2891 711 2921 [Μία
723 2892 777 2928 cst,
795 2899 858 2922 non
876 2888 1030 2931 indueris,
1048 2899 1081 2925 et
1098 2891 1227 2926 iterum
1243 2895 1340 2939 qnod
1351 2896 1568 2942 praecipitur
1583 2896 1693 2932 Num.
1707 2909 1768 2943 15.:
