1875 3198
202 198 288 251 516
601 210 822 245 QUAESTIO
856 210 988 238 LXXII.
1023 210 1267 239 ARTICULUS
1300 210 1358 240 IX.

202 291 262 325 sed
285 291 463 337 pertinent
485 291 528 325 ad
551 303 660 325 unam
688 300 723 326 et
748 291 915 326 eamdem
941 291 1081 338 peccati
1107 292 1277 338 speciem.
1308 291 1538 338 Quandoque
1564 303 1651 326 vero
1680 303 1764 327 con-

201 345 316 390 tingit,
339 345 436 390 quod
456 345 705 390 corruptiones
727 345 951 378 diversarum
974 345 1327 379 circumstantiarum
1348 345 1566 391 proveniunt
1580 357 1599 379 a
1615 345 1763 380 diversis

202 398 363 432 motivis:
387 406 471 444 puta
493 398 587 444 quod
618 398 744 443 aliquis
772 409 1011 443 praepropere
1040 398 1219 439 comedat,
1249 406 1368 444 potest
1391 397 1582 444 provenire
1612 409 1655 432 ex
1679 398 1764 443 hoc,

202 451 298 497 quod
320 451 434 485 homo
456 462 529 484 non
551 459 669 496 potest
690 450 781 484 ferre
804 450 1016 484 dilationem
1032 450 1101 484 cibi
1120 459 1266 496 propter
1282 450 1427 485 facilem
1446 451 1764 497 consumptionem

202 504 443 537 humiditatis:
468 504 563 549 quod
585 514 672 537 vero
689 511 831 549 appetat
848 503 1132 537 immoderatum
1153 503 1285 545 cibum,
1312 511 1430 549 potest
1452 504 1662 550 contingere
1688 515 1767 550 pro-

203 565 280 603 pter
290 557 458 591 virtutem
469 565 617 590 naturae
632 565 818 602 potentem
834 556 877 590 ad
897 557 1184 590 convertendum
1198 557 1355 590 multum
1370 557 1510 590 cibum:
1533 557 1630 603 quod
1644 565 1766 591 autem

204 610 330 656 aliquis
354 618 497 656 appetat
526 609 625 643 cibos
657 609 862 651 deliciosos,
898 609 1074 655 contingit
1102 617 1248 656 propter
1280 611 1477 656 appetitum
1504 609 1766 652 delectationis,

204 675 295 710 quae
317 672 369 697 est
390 664 425 696 in
449 663 548 697 cibo:
572 663 665 696 unde
687 662 723 696 in
745 662 874 696 talibus
897 663 1120 697 diversarum
1144 663 1496 697 circumstantiarum
1515 663 1765 710 corruptiones

203 718 378 752 inducunt
395 717 553 750 diversas
575 717 716 762 peccati
737 717 886 762 species.

275 772 334 805 AD
361 781 509 804 PRIMUM
533 781 619 815 ergo
644 770 849 811 dicendum,
868 769 965 815 quod
982 769 1130 813 malum,
1145 770 1359 816 inquantum
1373 770 1595 815 hujusmodi,
1613 770 1766 816 privatio

205 832 268 866 est,
291 832 324 858 et
346 824 427 857 ideo
450 822 709 857 diversificatur
731 823 850 869 specie
870 823 1070 856 secundum
1095 835 1148 864 ea,
1172 834 1262 869 quae
1289 823 1484 869 privantur,
1511 823 1604 857 sicut
1629 831 1664 857 et
1692 834 1768 857 cae-

203 886 300 911 terae
324 877 561 923 privationes:
584 876 646 910 sed
668 884 860 922 peccatum
882 887 956 909 non
984 877 1131 910 sortitur
1161 876 1320 922 speciem
1350 887 1392 910 ex
1417 884 1517 923 parte
1544 876 1767 922 privationis,

204 930 262 964 vel
284 930 494 972 aversionis,
516 937 553 963 ut
575 940 682 975 supra
720 929 856 963 dictum
880 938 931 963 est
959 929 1039 974 (art.
1066 942 1093 964 Ι.
1116 930 1183 975 huj.
1212 931 1272 976 q.),
1303 930 1365 964 sed
1396 941 1437 964 ex
1460 930 1700 964 conversione
1725 930 1768 964 ad

206 985 389 1030 objectum
413 993 523 1019 actus.

278 1039 337 1072 AD
358 1049 564 1074 SECUNDUM
587 1039 792 1081 dicendum,
815 1039 911 1085 quod
935 1039 1205 1074 circumstantia
1231 1052 1433 1086 numquam
1453 1039 1621 1075 transfert
1647 1047 1767 1074 actum

206 1094 241 1127 in
265 1093 373 1128 aliam
391 1095 562 1139 speciem,
584 1094 652 1128 nisi
674 1094 818 1140 quando
842 1102 895 1128 est
915 1093 1011 1128 aliud
1034 1094 1224 1128 motivum.

278 1148 338 1181 AD
359 1158 529 1182 TERTiuM
552 1147 758 1190 dicendum,
778 1147 874 1193 quod
893 1147 929 1181 in
951 1147 1100 1182 diversis
1114 1147 1301 1194 speciebus
1316 1147 1423 1194 gulae
1445 1147 1585 1182 diversa
1599 1154 1681 1181 sunt
1695 1157 1771 1180 mo-

207 1201 290 1242 tiva,
313 1201 405 1235 sicut
426 1201 562 1234 dictum
585 1209 637 1235 est
660 1201 710 1245 (in
732 1208 822 1248 corp.
847 1200 940 1246 art).

686 1547 1041 1607 QUAESTIO
1084 1546 1309 1593 LXXIII.

420 1682 482 1712 DE
510 1680 882 1712 COMPARATIONE
909 1681 1225 1712 PECCATORUM
1253 1681 1318 1711 AD
1345 1679 1560 1718 INVICEM,

623 1752 673 1782 IN
701 1752 863 1783 DECEM
891 1752 1153 1783 ARTICULOS
1180 1752 1354 1783 DIVISA.

283 1893 424 1927 Deinde
448 1892 751 1927 considerandum
775 1901 827 1926 est
848 1892 891 1926 de
915 1892 1189 1939 comparatione
1213 1899 1447 1938 peccatorum
1471 1891 1515 1925 ad
1536 1891 1705 1925 invicem.

696 1982 741 2016 Et
762 1982 853 2016 circat
874 1981 931 2016 hoc
954 1986 1160 2027 quaeruntur
1181 1980 1298 2016 decem.

286 2051 422 2085 Primo.
446 2051 578 2086 Utrum
601 2052 724 2086 omnia
748 2060 907 2098 peccata,
931 2060 965 2086 et
985 2052 1072 2086 vitia
1093 2052 1164 2086 sint
1185 2062 1360 2086 connexa.

288 2105 468 2139 Secundo.
492 2105 623 2139 Utrum
647 2106 771 2139 omnia
793 2106 862 2139 sint
884 2105 994 2152 paria.

288 2158 427 2192 Tertio.
451 2159 581 2192 Utrum
609 2159 765 2204 gravitas
789 2167 1023 2204 peccatorum
1046 2158 1248 2192 attendatur
1266 2157 1465 2192 secundum
1487 2157 1639 2203 objecta.

291 2211 444 2252 Quarto.
457 2212 586 2245 Utrum
599 2224 657 2246 sec
664 2213 799 2246 undum
815 2212 1026 2257 dignitatem
1038 2212 1222 2254 virtutum,
1234 2211 1360 2258 quibus
1376 2220 1524 2258 peccata
1535 2218 1777 2258 opponuntur.

291 2265 441 2305 Quinto.
467 2265 596 2299 Utrum
621 2274 768 2311 peccata
792 2265 949 2299 carnalia
971 2266 1041 2300 sint
1062 2265 1240 2311 graviora,
1263 2276 1372 2311 quam
1394 2264 1602 2311 spiritualitt.

290 2318 411 2352 Sexto.
436 2318 567 2352 Utrum
589 2320 789 2352 secundum
817 2330 943 2353 causas
974 2327 1208 2365 peccatorum
1237 2318 1440 2353 attendatur
1472 2318 1628 2364 gravitas
1656 2328 1779 2364 pecca-

217 2380 349 2406 torum.

290 2425 465 2470 Septimo.
489 2425 620 2459 Utrum
643 2426 842 2459 secundum
865 2425 1163 2460 circumstantias.

292 2478 447 2513 Octavo.
473 2478 603 2512 Utrum
626 2479 825 2512 secuudum
845 2479 1082 2524 quantitatem
1105 2478 1328 2513 nocumenti.

290 2532 411 2565 Nono.
435 2531 566 2566 Utrum
590 2532 788 2566 secuudum
813 2532 1061 2566 conditIOncm
1083 2543 1271 2578 personae,
1294 2533 1329 2566 in
1351 2542 1461 2578 quam
1483 2538 1664 2577 peccatur.

291 2585 457 2620 Decimo.
475 2585 604 2619 Utrum
620 2592 765 2631 propter
780 2585 1066 2631 magnitudinem
1081 2596 1258 2632 personae
1273 2585 1454 2632 peccantis
1470 2591 1686 2631 aggravetur
1703 2593 1781 2630 pec·

221 2646 353 2672 catum.
