1907 3214
112 1502 139 1521 2.

113 1543 139 1570 3.

113 1587 132 1612 4

115 1627 128 1653 5

109 1835 140 1986 ᾖκομι-

110 2379 139 2488 :new

507 209 642 239 INDEX
676 210 833 240 PRIMAE
866 211 1097 244 SECUNDAE
1130 216 1293 247 PARTIS.
1660 223 1683 265 9

138 307 145 314 .
166 287 263 314 Utrum
275 288 358 315 dolor
367 291 487 316 exterior
498 290 534 316 sit
544 290 642 324 major,
654 299 735 326 quam
749 292 873 319 interior.

139 349 146 356 .
168 328 265 356 Utrum
279 331 336 356 sint
354 337 461 357 tantum
482 337 600 366 quatuor
613 333 720 367 speeies
734 334 873 360 tristitiae.

319 412 513 444 QUAESTIO
533 414 668 441 XXXVI.

265 470 306 498 De
325 473 404 498 causis
424 473 549 505 tristitiae,
569 482 610 499 seu
627 473 730 501 doloris.

137 555 144 562 .
165 535 263 563 Utrum
279 545 360 563 causa
379 537 484 563 doloris
500 539 536 563 sit
549 538 653 564 bonum
672 540 815 572 amissum,
829 540 873 566 vel

205 577 308 604 malum
329 579 519 612 conjunctum.

137 638 143 644 .
164 618 262 645 Utrum
278 621 514 655 concupiscientia
534 622 569 647 sit
589 630 671 648 causa
690 622 806 648 doloris.

137 680 144 686 .
165 659 263 687 Utrum
284 663 421 697 appetitus
434 663 549 688 unitatis
564 664 599 689 sit
613 671 696 690 causa
715 663 831 691 doloris.

137 721 144 728 .
164 701 262 728 Utrum
282 710 417 738 potestas,
444 705 488 730 cui
516 713 572 730 non
598 711 691 740 potest
709 706 812 738 resisti,
837 707 874 732 sit

204 752 286 770 eausa
306 744 423 772 doloris.

308 827 502 859 QUAESTIO
522 828 674 856 XXXVII.

238 885 280 913 De
297 887 424 924 effectibus
441 887 545 921 doloris,
565 897 606 914 seu
626 889 751 916 tristitiae.

134 972 141 978 .
162 951 262 979 Utrum
281 952 364 979 dolor
382 952 488 979 auferat
507 953 668 980 facultatem
688 953 857 980 addiscendi.

134 1013 141 1020 .
161 992 260 1020 Utrum
279 995 440 1030 aggravatio
460 995 544 1020 animi
558 996 594 1021 sit
607 994 722 1021 effectus
741 996 870 1028 tristitae,

200 1035 245 1062 vel
264 1035 381 1062 doloris.

133 1096 141 1103 .
161 1075 260 1103 Utrum
285 1078 408 1110 tristitia,
433 1078 478 1104 vel
503 1078 584 1105 dolor
609 1079 734 1105 debilitet
759 1088 870 1105 omnem

187 1119 403 1154 ·operationem.

161 1157 260 1186 Utrum
279 1160 392 1187 tristitia
410 1161 498 1196 magis
522 1168 624 1188 noceat
649 1162 770 1198 corpori,
790 1171 870 1198 quam

202 1201 272 1228 aliae
292 1202 400 1228 animae
419 1203 575 1237 passiones.

298 1283 494 1316 QUAEsTlo
513 1284 679 1312 XXXVIII.

237 1343 279 1371 De
297 1343 414 1370 remediis
432 1345 559 1376 tristitiae,
576 1353 619 1370 seu
637 1343 741 1372 doloris.

158 1410 259 1438 Utrum
278 1409 370 1443 dolor,
391 1417 419 1437 et
430 1411 543 1437 tristitia
555 1411 698 1446 mitigetur
710 1418 758 1446 per
776 1419 870 1446 quam-

200 1451 271 1480 libet
288 1451 514 1479 delecmionem.

159 1493 260 1521 Utrum
278 1493 422 1530 mitigetur
440 1502 488 1529 per
505 1492 611 1520 fletum.

159 1535 259 1563 Utrum
267 1536 411 1572 mitigetur
416 1544 464 1572 per
471 1536 695 1571 compassionem
705 1535 867 1562 amicorum.

133 1598 141 1605 .
162 1577 260 1605 Utrum
280 1586 328 1614 per
348 1577 614 1613 contemplationem
633 1577 769 1603 veritatis.

133 1639 140 1646 .
160 1618 260 1646 Utrum
278 1627 328 1656 per
345 1627 486 1652 somnum,
505 1625 534 1645 et
553 1618 661 1645 balnea.

315 1701 510 1734 QUAESTIO
529 1701 668 1729 XXXIX.

152 1761 194 1788 De
212 1761 334 1794 bonitate,
353 1766 378 1788 et
395 1761 500 1787 malitia
520 1761 647 1793 tristitiae,
666 1769 708 1787 seu
725 1760 829 1788 doloris.

132 1847 140 1854 .
160 1826 260 1854 Utrum
279 1828 371 1854 omnis
390 1827 504 1854 tristitia
523 1828 559 1853 sit
577 1826 660 1853 mala.

161 1867 260 1896 Utrum
280 1869 394 1895 tristitia
413 1869 502 1905 possit
516 1877 577 1895 esse
592 1869 696 1895 bonum
708 1868 867 1895 honestum.

133 1930 140 1937 .
159 1909 259 1938 Utrum
272 1911 364 1946 possit
381 1919 443 1937 esse
462 1911 566 1937 bonum
586 1910 665 1936 utile.

158 1951 257 1980 Utrum
276 1951 359 1979 dolor
377 1953 502 1989 corporis
521 1953 557 1978 sit
576 1961 714 1979 summum
734 1951 846 1978 malum.

352 2035 547 2078 QUAESTIO
567 2036 628 2064 XL.

173 2094 214 2122 De
229 2095 387 2132 passionibus
404 2095 557 2128 irascibiliw
576 2101 600 2122 et
613 2096 697 2132 primo
716 2095 746 2122 de
764 2101 815 2132 spe,

255 2137 261 2146 ¹
377 2142 402 2164 et
419 2137 600 2174 desperatione.

132 2223 139 2230 .
159 2203 258 2231 Utrum
278 2211 340 2240 spes
360 2204 397 2230 sit
409 2203 493 2237 idem,
508 2204 583 2240 quod
597 2204 750 2230 desiderum
764 2203 808 2230 vel
823 2212 868 2230 eu-

200 2245 311 2281 piditas.

157 2286 257 2314 Utrum
276 2295 339 2323 spes
358 2287 396 2313 sit
414 2287 443 2313 iu
461 2287 489 2313 vi
507 2286 716 2323 apprehensiva,
735 2285 780 2313 vel
798 2286 827 2313 in
841 2288 867 2313 vi

199 2328 360 2365 appetitiva.

132 2390 139 2397 .
158 2369 258 2398 Utrum
269 2378 332 2406 spes
350 2371 388 2396 sit
406 2371 435 2396 in
454 2369 542 2397 brutis
561 2369 737 2396 animalibus.

158 2411 258 2439 Utrum
276 2412 337 2448 spei
354 2412 537 2439 contr-rietur
554 2411 720 2447 desperatio.

159 2453 258 2481 Utrum
277 2461 360 2480 causa
378 2454 437 2489 spei
455 2453 494 2480 sit
511 2454 689 2489 experientia.

112 2495 140 2522 6.
159 2494 259 2522 Utrum
277 2495 307 2522 in
323 2494 481 2530 juvenibus,
501 2500 530 2521 et
548 2495 577 2521 in
601 2494 720 2521 ebriosis
747 2494 868 2521 abundet

200 2545 263 2573 Ψ*

112 2585 140 2614 7.
159 2557 342 2615 Utrum-pe·
359 2578 397 2606 eit
415 2586 499 2605 eausa
517 2579 630 2604 amoris.

114 2620 142 2648 8.
162 2619 261 2648 Utrum
273 2628 337 2656 spes
348 2619 475 2647 conferat
485 2620 518 2646 ad
532 2620 735 2656 operationem,
748 2619 793 2646 vel
813 2629 867 2646 ma-

200 2662 243 2698 gis
262 2662 403 2698 impediat.

348 2756 542 2789 QUAESTIO
562 2756 636 2784 XLI.

310 2817 351 2846 De
372 2819 460 2845 timore
477 2817 609 2844 semna-m
628 2826 662 2845 te.

114 2891 141 2912 t.
158 2883 259 2912 Um
277 2884 363 2911 timor
379 2884 418 2911 eit
435 2884 529 2920 passio
546 2884 664 2910 animae.

112 2932 140 2953 2.
158 2924 258 2953 Utrum
277 2926 314 2953 nit
331 2925 460 2962 specialis
479 2925 582 2962 pusio.

931 303 956 329 3.

928 345 956 369 4.

923 1362 950 1510 *⁹¹2⁴*

922 1713 949 1862 ‹staunt-

943 2210 949 2216 .
966 2189 1067 2216 Utrum
1086 2189 1126 2214 ira
1145 2189 1182 2214 sit
1201 2197 1263 2214 cum
1283 2188 1401 2213 ratione.

930 2848 941 2874 w

922 2439 948 2465 ε»
923 2314 950 2390 *¹9*
922 2073 951 2264 *rewer-

977 293 1075 322 Utrum
1095 298 1131 323 sit
1151 297 1250 332 aliquis
1270 300 1354 326 timor
1374 301 1517 328 naturalis.

977 337 1017 364 De
1037 339 1182 374 speciebus
1202 341 1322 368 timoris.

1102 431 1358 463 QUAESTIO
1386 431 1512 458 XLII.

1166 499 1208 525 De
1226 499 1321 534 objecto
1342 498 1447 524 timoris.

978 569 1076 596 Utrum
1109 570 1248 604 objectum
1280 570 1389 596 timoris
1420 570 1457 595 sit
1487 569 1609 600 bonum,
1641 567 1685 594 vel

1015 611 1127 637 malum.

949 673 955 679 .
977 652 1076 679 Utrum
1096 653 1198 679 malum
1218 660 1331 679 naturae
1351 653 1386 678 sit
1406 652 1545 687 objectum
1565 651 1683 677 timoris.

947 715 954 721 .
975 694 1074 721 Utrum
1093 696 1178 721 timor
1196 696 1233 721 sit
1251 695 1284 720 de
1304 694 1378 720 malo
1398 693 1505 729 culpae.

930 661 943 679 2

930 703 941 728 3

926 746 953 770 4.

930 787 941 812 5

927 821 944 846 6

975 737 1073 763 Utrum
1094 738 1151 772 ipse
1171 738 1255 762 timor
1274 736 1364 762 timeri
1384 737 1484 771 possit.

948 799 953 804 .
975 778 1073 805 Utrum
1093 779 1236 814 repentina
1254 779 1343 814 magis
1361 779 1519 804 timeantur.

947 841 953 846 .
975 820 1073 846 Utrum
1093 829 1136 852 ea,
1157 827 1253 846 contra
1276 828 1344 855 quae
1370 828 1427 845 nou
1453 824 1495 844 est
1521 817 1683 849 remedium,

1017 863 1105 898 magis
1124 863 1283 888 timeantur.

1146 950 1341 982 QUAESTIO
1361 949 1467 977 XLIII.

1175 1016 1216 1043 De
1235 1025 1309 1042 causa
1330 1016 1436 1043 timoris.

949 1110 954 1115 .
975 1089 1074 1116 Utrum
1089 1098 1171 1116 causa
1189 1089 1299 1115 timoris
1317 1089 1354 1114 sit
1372 1096 1460 1114 amor.

949 1151 955 1157 .
976 1131 1075 1158 Utrum
1089 1140 1172 1158 causa
1189 1131 1299 1157 timoris
1319 1131 1356 1156 sit
1374 1129 1510 1155 defectus.

1095 1217 1352 1250 QUAESTIO
1381 1217 1516 1244 XLIV.

1149 1280 1189 1307 De
1209 1281 1334 1317 effectibus
1353 1281 1459 1308 timoris.

947 1374 952 1379 .
973 1353 1072 1380 Utrum
1091 1353 1176 1379 timor
1194 1352 1278 1379 faciat
1298 1353 1529 1378 contractionem.

972 1395 1070 1421 Utrum
1090 1394 1175 1420 faciat
1193 1394 1396 1420 consiliativos.

945 1457 952 1462 .
971 1436 1070 1462 Utrum
1090 1435 1174 1462 faciat
1193 1443 1352 1462 tremorem.

945 1498 950 1504 .
972 1477 1070 1504 Utrum
1091 1478 1223 1513 impediat
1242 1478 1444 1513 operationem.

1153 1565 1347 1599 QUAESTIO
1367 1565 1453 1593 XLV.

1214 1633 1254 1659 De
1273 1632 1392 1658 audacia.

944 1725 951 1732 .
971 1704 1069 1731 Utrum
1083 1704 1198 1730 audacia
1217 1705 1252 1730 sit
1272 1703 1410 1729 contraria
1428 1703 1532 1728 timori.

943 1766 950 1772 .
970 1745 1069 1772 Utrum
1089 1746 1204 1772 audacia
1223 1751 1352 1780 sequatur
1370 1752 1457 1780 spem.

944 1808 950 1814 .
970 1787 1012 1813 De
1033 1795 1115 1813 causa
1133 1787 1274 1813 audaciae.

971 1829 1013 1854 De
1033 1828 1134 1855 effectu
1152 1829 1293 1855 audaciae.

1089 1923 1348 1956 QUAESTIO
1377 1922 1513 1950 XLVI.

1154 1990 1194 2017 De
1211 1991 1251 2016 ira
1269 1989 1403 2015 secundum
1421 1997 1455 2015 se.

971 2063 1070 2090 Utrum
1090 2064 1126 2089 sit
1145 2062 1273 2098 specialis
1292 2063 1395 2097 passio.

973 2105 1072 2132 Utrum
1093 2105 1233 2139 objectum
1253 2104 1308 2130 irae
1329 2105 1364 2129 sit
1384 2103 1498 2135 bonum,
1513 2111 1547 2128 an
1567 2101 1679 2128 malum.

969 2147 1068 2174 Utrum
1088 2147 1127 2172 ira
1146 2147 1182 2172 sit
1201 2147 1229 2171 in
1250 2144 1472 2180 concupiscibili.

972 2230 1072 2257 Utrum
1104 2231 1143 2256 ira
1174 2230 1210 2255 sit
1242 2228 1403 2261 naturalior,
1437 2236 1518 2263 quam
1551 2227 1682 2262 concupi-

1011 2273 1127 2298 scentia.

971 2313 1070 2340 Utrum
1090 2315 1129 2339 ira
1149 2314 1185 2339 sit
1204 2313 1324 2348 gravior,
1345 2320 1425 2347 quam
1445 2312 1550 2338 odium.

971 2355 1070 2382 Utrum
1090 2356 1130 2381 ira
1149 2356 1184 2381 sit
1204 2355 1237 2380 ad
1262 2354 1327 2380 illos
1356 2353 1459 2386 solum,
1480 2353 1513 2379 ad
1540 2360 1610 2388 quos
1639 2358 1681 2378 est

1008 2397 1124 2432 justitia.

972 2439 1071 2466 Utrum
1093 2438 1141 2471 fel,
1161 2439 1263 2471 mania,
1278 2445 1305 2464 et
1324 2437 1401 2464 furor
1413 2438 1469 2463 sint
1487 2437 1595 2472 species
1614 2436 1678 2462 irae.

1136 2532 1330 2566 QUAESTIO
1350 2531 1467 2559 XLVII.

975 2600 1015 2627 De
1035 2608 1109 2626 eausa
1127 2599 1243 2636 effectiva
1262 2599 1324 2630 irae,
1345 2604 1370 2624 et
1387 2597 1418 2624 de
1435 2596 1552 2623 remediis
1570 2596 1631 2631 ejus.

943 2693 949 2699 .
971 2671 1070 2699 Utrum
1084 2680 1191 2707 semper
1202 2671 1337 2697 motivum
1348 2671 1403 2696 irae
1415 2670 1450 2695 sit
1463 2669 1567 2704 aliquid
1577 2667 1679 2694 factum

1011 2721 1108 2741 contra
1127 2723 1201 2746 eum,
1222 2714 1267 2748 qui
1288 2713 1423 2739 irascitur.

943 2776 949 2782 .
971 2755 1070 2783 Utrum
1085 2756 1145 2782 sola
1159 2755 1344 2791 parvipensio,
1359 2753 1402 2780 vel
1416 2753 1557 2788 despectio
1572 2752 1608 2778 sit
1621 2759 1680 2777 mo·

1011 2799 1098 2824 tivum
1118 2799 1184 2824 irae.

948 2860 954 2866 .
975 2839 1074 2866 Utrum
1094 2839 1258 2866 excellentia
1276 2838 1420 2864 irascentis
1438 2837 1474 2862 sit
1494 2844 1577 2862 causa
1595 2836 1660 2862 irae.

972 2883 1070 2910 Utrum
1094 2881 1219 2908 desectus
1233 2881 1355 2907 hominis
1369 2880 1405 2905 sit
1418 2887 1511 2912 causa,
1525 2877 1600 2914 quod
1613 2886 1679 2904 con-

1013 2931 1055 2951 tra
1075 2933 1137 2950 cum
1158 2923 1256 2958 aliquis
1277 2923 1418 2948 irascatur.
