1907 3198
465 176 690 213 QUAESTIO
723 176 900 207 LXXXIV.
934 176 1180 207 ARTICULUS
1213 175 1270 205 1V.
1570 165 1651 218 605

83 265 145 307 pst
161 257 208 294 de
227 257 327 294 bono
340 257 478 294 alieno:
501 267 537 294 et
555 259 628 294 hoc
644 259 673 294 si
694 259 739 294 sit
752 259 830 294 sine
844 258 1120 300 insurrectione,
1142 257 1296 305 pertinet
1309 257 1353 291 ad
1369 257 1548 299 invidiam,
1563 268 1657 304 quae

85 310 247 348 tristatur
266 311 311 347 de
337 312 436 347 bono
463 312 595 355 alieno,
617 313 832 360 inquantum
859 322 912 347 est
934 312 1184 359 impeditivum
1207 312 1373 358 propriae
1400 310 1656 346 excellentiae:

87 370 149 402 aue
163 372 220 401 est
238 376 324 400 cum
344 366 503 412 quadam
525 366 786 401 insurrectione
809 367 852 401 ad
875 366 1091 401 vindictam:
1113 374 1149 400 et
1167 365 1217 400 sic
1239 373 1294 400 est
1311 366 1387 399 ira:
1409 373 1445 399 et
1465 365 1509 399 ad
1529 364 1658 399 eadem

86 418 175 454 vitia
190 418 348 467 pertinet
367 420 574 465 prosecutio
594 420 679 455 mali
703 420 871 467 oppositi.

158 473 221 508 An
240 482 391 508 Panum
413 484 501 518 ergo
523 474 731 516 dicendum,
753 474 850 521 quod
877 485 950 509 non
973 483 1027 509 est
1053 474 1183 509 eadem
1210 473 1302 508 ratio
1324 473 1475 519 originis
1496 473 1533 508 in
1554 473 1662 507 virtu-

86 525 193 568 tibus,
214 533 250 561 et
269 525 383 561 vitiis:
405 537 492 560 nam
519 527 667 562 virtutes
690 537 885 562 causantur
910 539 972 574 per
999 528 1166 562 ordinem
1194 527 1373 573 appetitus
1401 527 1444 561 ad
1466 527 1661 568 rationem,

86 577 148 615 vel
166 578 277 614 etiam
297 579 343 614 ad
362 579 501 614 bonum
522 580 837 624 incommutabile,
851 582 949 628 quod
975 590 1030 616 est
1044 581 1162 616 Deus:
1186 581 1271 615 vitia
1294 588 1417 615 autem
1436 581 1601 615 oriuntur
1619 591 1660 614 ex

85 632 247 681 appetitu
267 632 356 668 boni
380 634 672 677 commutabilis;
700 635 794 670 unde
813 646 887 670 non
910 643 1067 682 oportet,
1089 634 1187 682 quod
1210 634 1422 681 principalia
1444 635 1529 669 vitia
1551 644 1663 680 oppo-

87 694 221 723 uantur
240 686 497 734 principalibus
518 688 719 723 virtutibus.

160 739 223 776 An
239 750 449 777 szcuunuu
474 741 683 785 dicendum,
709 741 807 788 quod
828 741 951 785 timor,
973 750 1009 777 et
1029 753 1110 788 spes
1130 749 1214 776 sunt
1240 741 1427 787 passiones
1452 740 1661 776 irascibilis:

90 803 220 830 omnes
246 801 370 829 autem
395 794 583 842 passiones
614 794 802 830 irascibilis
829 796 994 830 oriuntur
1024 807 1068 830 ex
1094 795 1323 842 passionibus
1349 793 1662 840 concupiscibilis;

90 857 185 897 quae
205 847 317 883 etiam
339 858 468 883 omnes
494 848 708 884 ordinantur
733 849 1010 896 quodammodo
1033 849 1076 883 ad
1098 848 1379 884 delectationem
1401 856 1437 883 et
1461 847 1662 890 tristitiam3

83 895 129 937 ‘et
149 896 235 936 ideo
260 899 467 944 delectatio,
488 910 524 937 et
542 902 685 937 tristitia
706 902 951 949 principaliter
964 911 1275 937 connumerantur
1295 902 1331 936 in
1353 901 1511 948 peccatis
1532 902 1664 948 capita-

90 952 196 998 libus,
212 961 402 1002 tamquam
417 954 744 1003 principalissimae
759 956 959 1002 passiones,
975 964 1012 990 ut
1026 967 1133 1002 supra
1147 955 1312 990 habitum
1327 964 1380 990 est
1394 956 1442 1001 (q.
1458 967 1506 1001 25.
1520 960 1586 990 art.
1600 956 1663 999 4.).

155 1006 220 1044 AD
241 1017 414 1045 τεκτιυκ
428 1008 636 1051 dicendum,
651 1009 749 1056 quod
764 1009 816 1044 ira
830 1009 915 1044 licet
931 1020 1006 1044 non
1017 1011 1062 1044 sit
1075 1008 1282 1056 principalis
1296 1010 1428 1055 passio,
1442 1010 1526 1055 quia
1539 1017 1663 1043 tamen

82 1059 203 1111 ⁴habet.
220 1061 419 1110 specialem
445 1062 626 1098 rationem
653 1063 840 1110 appetitivi
866 1071 999 1105 motus,
1026 1070 1133 1109 prout
1159 1062 1288 1109 aliquis
1313 1062 1505 1108 impugnat
1525 1062 1664 1096 bonum

84 1113 240 1163 valterius
258 1114 326 1151 sub
345 1115 671 1158 rationenhonestL
692 1115 784 1151 idest
803 1116 888 1162 justi
913 1116 1136 1159 vindicativi,
1157 1115 1240 1150 ideo
1262 1115 1495 1162 distinguitur
1515 1115 1558 1149 ab
1586 1115 1665 1150 aliis

85 1167 307 1218 ,capitalibus
326 1169 435 1204 vitiis.

162 1221 226 1258 An
246 1232 438 1263 αυΑιιτυκ
457 1222 666 1266 dicendum,
687 1223 785 1270 quod
807 1223 974 1270 superbia
1000 1223 1130 1258 dicitur
1147 1234 1226 1257 esse
1244 1223 1378 1258 initium
1401 1223 1508 1258 omnis
1523 1223 1666 1270 peccati,

86 1275 294 1320 secundum
312 1275 495 1312 rationem
514 1275 609 1319 finis,
627 1284 667 1311 ut
679 1276 817 1311 dictum
832 1285 886 1312 est
907 1276 990 1321 (art.
1008 1288 1039 1312 2.
1059 1277 1128 1321 huj.
1143 1288 1161 1323 q
1165 1278 1212 1320 .).·
1227 1284 1262 1311 et
1276 1276 1478 1311 secundum
1496 1276 1666 1311 eamdem

79 1328 275 1379 {ationem
303 1329 480 1377 accipitur
505 1329 752 1376 principalitas
777 1330 950 1365 vitiorum
977 1329 1208 1377 capitalium;
1230 1338 1264 1364 et
1289 1329 1373 1364 ideo
1399 1330 1566 1376 superbia
1591 1340 1666 1364 non

86 1382 198 1434 quasi
217 1382 422 1419 universale
446 1383 577 1418 vitium
605 1392 891 1418 connumeratur
912 1383 1003 1426 aliis,
1025 1384 1087 1418 sed
1117 1384 1235 1430 magis
1265 1385 1411 1430 ponitur
1431 1382 1531 1418 velut
1551 1384 1666 1429 regina

92 1435 257 1487 quaedam
276 1438 427 1472 omnium
445 1438 624 1480 vitiorum,
646 1437 741 1472 sicut
762 1436 917 1484 Gregor.
939 1437 1026 1472 dicit
1041 1437 1116 1482 (lib.
1133 1449 1181 1484 31.
1201 1437 1292 1472 M.or
1306 1443 1380 1484 cap.
1398 1448 1451 1483 27.
1473 1449 1559 1472 urs.
1564 1437 1666 1483 fi'²·')

93 1489 245 1526 avaritia
266 1498 387 1526 autem
409 1490 539 1526 dicitur
559 1490 671 1534 radix,
698 1491 900 1526 secundum
927 1490 1038 1525 aliam
1064 1491 1256 1533 rationem,
1277 1491 1370 1526 sicut
1395 1502 1502 1537 supra
1529 1490 1665 1525 dictum

84 1551 156 1596 ‘eut
170 1546 255 1591 (art.
269 1556 299 1581 ι.
320 1544 392 1592 huj.
412 1546 474 1592 q.).

164 1598 228 1634 An
248 1608 431 1639 Qumwu
451 1597 659 1641 dicendum,
680 1598 779 1645 quod
800 1598 867 1633 ista
884 1598 971 1633 vitia
992 1598 1161 1633 dicuntur
1182 1597 1365 1645 capitalia,
1387 1598 1471 1644 quia
1493 1609 1536 1633 ex
1557 1598 1608 1633 eis
1630 1606 1668 1632 ut

90 1649 317 1700 stoquentius
343 1651 415 1687 alia
439 1651 619 1687 oriuntur:
646 1651 742 1686 unde
768 1651 858 1686 nihil
885 1651 1070 1699 prohibet,
1097 1651 1216 1699 aliqua
1243 1660 1392 1699 peccata
1418 1651 1599 1686 interdurn
1626 1662 1668 1686 ex

95 1704 176 1741 aliis
196 1705 316 1741 causis
335 1705 433 1741 oriri.
455 1705 581 1740 Potest
599 1713 724 1740 tamen
742 1705 825 1748 dici,
846 1705 944 1752 quod
966 1706 1092 1740 omnia
1114 1714 1276 1752 peccata,
1292 1717 1384 1752 quae
1402 1717 1445 1740 ex
1464 1706 1667 1751 ignorantia

85 1759 326 1808 proveniunt,
345 1767 499 1807 possunt
518 1759 643 1794 reduci
664 1759 709 1794 ad
731 1759 923 1801 accidiam,
950 1759 993 1793 ad
1021 1771 1131 1806 quam
1158 1761 1313 1806 pertinet
1337 1759 1572 1806 negligentia,
1599 1770 1669 1806 qua

96 1810 226 1861 aliquis
246 1820 391 1848 recusat
410 1812 507 1848 bona
528 1812 729 1859 spiritualia
750 1812 937 1859 acquirere
960 1821 1106 1859 propter
1127 1812 1311 1848 laborem:
1333 1813 1540 1859 ignorantia
1559 1813 1670 1854 enim,

96 1877 191 1915 quae
210 1874 330 1915 potest
349 1877 429 1902 esse
451 1877 561 1902 causa
582 1866 735 1913 peccati,
757 1878 799 1901 ex
821 1865 1046 1912 negligentia
1068 1867 1246 1913 provenit,
1273 1875 1310 1900 ut
1331 1877 1438 1913 supra
1459 1866 1597 1901 dictum
1619 1874 1672 1900 est

92 1918 150 1970 (q.
170 1921 226 1970 76.
247 1925 314 1957 art.
334 1933 363 1958 ι.
383 1926 414 1957 et
434 1932 454 1957 2
458 1922 496 1965 .),
519 1920 618 1968 quod
635 1928 757 1955 autem
773 1919 903 1966 aliquis
917 1920 1125 1955 committat
1139 1920 1287 1967 aliquod
1301 1928 1493 1966 peccatum
1515 1931 1557 1955 ex
1575 1920 1672 1954 bona

96 1972 313 2019 interamne,
330 1974 472 2010 videtur
486 1975 530 2009 ad
544 1974 790 2021 ignorantiam
805 1974 1003 2020 pertinere3
1018 1973 1233 2021 inquantum
1248 1973 1408 2009 scilicet'
1400 1982 1556 2021 ignorat,
1573 1973 1671 2020 quod

82 2038 175 2077 „nnn
193 2035 279 2065 sunt
296 2026 466 2064 facienda
486 2027 596 2071 mala,
615 2035 654 2062 ut
674 2028 844 2062 eveniant
865 2027 974 2062 bona

556 2336 916 2399 QUAESTIO
960 2336 1227 2385 LXXXV.

91 2452 112 2504 ‹—
233 2471 298 2506 DE
322 2471 609 2506 EFFECTIBUS
636 2472 849 2512 PECCATI,
880 2473 931 2505 IN
957 2473 1043 2505 SEX
1074 2473 1339 2506 ARTICULOS
1368 2473 1543 2504 DIVISA.

94 2647 106 2663 ,
174 2610 319 2650 Deinde
337 2613 644 2650 considerandum
666 2623 720 2650 est
741 2615 784 2650 de
801 2613 989 2651 effectibus
1012 2616 1172 2662 peccati:
1191 2625 1226 2651 et
1242 2617 1355 2663 primo
1376 2615 1523 2662 quidem
1542 2616 1586 2650 de
1600 2627 1677 2650 cor-

104 2665 272 2720 ruptione
291 2666 381 2704 boni
399 2675 570 2704 naturae:
591 2668 730 2704 secundo
752 2669 796 2704 de
819 2668 964 2704 macula
986 2669 1149 2705 animae:
1169 2671 1264 2705 tertio
1287 2670 1331 2704 dc
1355 2678 1453 2704 reatu
1476 2681 1627 2716 poenae.

601 2755 703 2791 Circa
720 2757 870 2804 primum
892 2763 1099 2804 qimeruntur
1119 2770 1183 2793 ser.

88 2807 120 2828 ⁴1

86 2859 117 2880 ·‹-
178 2822 317 2862 Primo.
337 2823 485 2862 Utrum
490 2824 630 2861 bonum
651 2834 801 2862 naturae
822 2827 1044 2864 diminuatur
1065 2841 1128 2876 per
1149 2837 1353 2876 peccatum

92 2909 138 2933 3
179 2875 364 2917 secundo
385 2877 519 2916 Utrum
539 2879 699 2916 totaliter
719 2879 799 2916 tolli
819 2881 943 2928 possit.
1042 2891 1048 2906 ·
