1955 3182
236 221 291 274 36
680 227 901 263 QUAESTIO
936 227 980 256 II.
1013 226 1259 256 ARTICULUS
1292 226 1350 254 VI.

234 312 361 357 ipsius:
378 311 470 344 sicut
487 310 522 344 in
540 310 690 344 homine
710 308 805 342 aliud
828 316 891 350 est,
910 307 1007 354 quod
1026 314 1079 341 est
1091 307 1219 341 animal
1237 307 1398 341 rationale
1412 306 1562 348 mortale,
1580 305 1687 348 aliud,
1702 305 1798 351 quod

235 374 288 400 est
312 365 446 399 risibile.
477 364 539 397 Est
567 363 675 409 igitur
702 361 1016 403 considerandum,
1047 360 1143 406 quod
1167 361 1285 394 omnis
1308 359 1500 394 delectatio
1532 367 1585 394 est
1614 359 1799 405 quoddam

233 419 419 465 proprium
442 417 620 457 accidens,
643 415 739 462 quod
762 415 994 460 consequitur
1014 413 1285 455 beatitudinem,
1307 413 1365 447 vel
1392 412 1550 458 aliquam
1571 412 1799 446 beatitudinis

233 480 383 518 partem.
403 471 454 504 Ex
479 471 550 504 hoc
574 470 671 503 enirn
695 468 820 514 aliquis
843 467 1051 509 delectatur,
1074 467 1157 512 quia
1176 466 1284 500 habet
1301 467 1439 500 bonum
1461 465 1607 512 aliquod
1629 465 1696 499 sibi
1717 476 1800 499 con-

233 526 391 566 veniens,
413 523 471 557 vel
492 524 528 556 in
550 534 598 564 re,
620 522 678 556 vel
699 522 735 555 in
757 532 830 567 spe,
852 520 910 554 vel
932 520 1060 554 saltem
1082 520 1117 553 in
1140 520 1335 553 memoria:
1357 520 1496 553 bonum
1524 527 1645 553 autem
1672 529 1800 553 conve-

233 579 346 619 niens,
361 578 390 611 si
412 577 557 623 quidem
573 576 616 609 sit
629 574 841 621 perfectum,
857 582 908 607 est
929 574 1006 619 ipsa
1021 573 1181 619 hominis
1199 573 1402 615 beatitud03
1421 573 1450 606 si
1471 580 1592 606 autem
1612 572 1656 606 sit
1672 572 1801 618 imper—

232 631 380 672 fectum,
409 638 461 664 est
481 629 664 663 beatitudo
693 627 872 674 quaedam
901 627 1124 673 participata,
1151 626 1209 660 vel
1238 627 1450 672 propinqua,
1475 625 1534 659 vel
1563 633 1715 667 remota,
1741 624 1801 659 vel

233 684 361 719 saltem
380 694 566 730 apparens,
581 682 674 716 unde
698 680 931 714 manifestum
947 688 1010 722 est,
1025 680 1122 726 quod
1135 677 1202 714 r⁸1ec
1218 680 1296 726 ipsa
1311 679 1514 720 delectatio,
1534 690 1626 724 quae
1640 678 1801 724 sequitur

232 738 370 772 bonum
391 736 601 783 perfectum,
621 743 674 769 est
691 735 768 780 ipsa
791 734 945 768 essentia
962 733 1202 775 beatitudinis,
1224 733 1284 767 sed
1302 732 1486 778 quoddam
1509 743 1734 778 consequens
1755 731 1800 765 ad

231 791 358 837 ipsam,
381 790 473 824 sicut
493 800 556 835 per
577 800 614 822 se
637 787 815 822 accidens.

303 843 480 889 Voluptas
500 851 620 876 autem
640 840 838 886 corporalis
856 851 930 874 non
949 847 1068 886 potest
1082 839 1191 874 etiam
1210 839 1322 873 modo
1339 838 1524 885 praedicto
1543 838 1645 884 sequi
1661 838 1799 872 bonum

233 897 448 944 perfectum:
477 907 561 929 nam
589 895 749 940 sequitur
774 894 924 935 bonum,
953 893 1050 939 quod
1077 892 1314 939 apprehendit
1339 903 1475 934 sensus,
1509 892 1570 938 qui
1602 899 1656 926 est
1687 891 1799 926 virtus

234 951 376 984 animae
397 960 549 995 corpore
572 956 690 982 utens:
714 947 851 981 bonum
874 954 1006 988 autem,
1035 946 1131 992 quod
1154 945 1307 991 pertinet
1329 945 1371 978 ad
1394 956 1537 991 corpus,
1560 945 1657 991 quod
1678 956 1801 991 appre-

232 1003 402 1038 henditur
420 1002 619 1037 secundum
638 1012 796 1041 sensum,
815 1011 889 1033 non
907 1007 1025 1045 potest
1043 1010 1120 1033 esse
1139 998 1339 1044 perfectum
1356 999 1516 1032 hominis
1534 999 1683 1032 bonum.
1702 998 1800 1032 Cum

234 1057 331 1091 enim
347 1057 466 1090 anima
478 1054 662 1088 rationalis
678 1053 827 1088 excedat
841 1052 1116 1099 proportionem
1131 1052 1304 1086 materiae
1323 1051 1533 1098 corporalis,
1549 1063 1630 1098 pars
1645 1051 1800 1093 animae,

232 1121 324 1156 quae
347 1117 399 1143 est
421 1109 462 1142 ab
487 1119 626 1153 organo
651 1117 828 1152 corporeo
852 1105 1028 1147 absoluta,
1051 1105 1249 1151 quamdam
1270 1105 1380 1139 habet
1399 1105 1615 1139 infinitatem
1635 1113 1800 1151 respectu

232 1163 341 1209 ipsius
377 1161 551 1207 corporis,
587 1168 620 1194 et
646 1160 802 1206 partium
829 1159 971 1193 animae
1000 1159 1144 1204 corpori
1171 1167 1465 1192 concreatarum:
1492 1159 1584 1193 sicut
1609 1157 1801 1193 invisibilia

233 1224 315 1251 sunt
337 1214 611 1261 quodammodo
634 1213 771 1247 infinita
799 1221 962 1258 respectu
989 1211 1244 1254 materialium,
1272 1223 1314 1246 eo
1343 1212 1439 1258 quod
1464 1211 1583 1246 forma
1608 1223 1672 1258 per
1692 1219 1802 1246 mate—

231 1270 321 1303 riam
341 1268 616 1314 quodammodo
636 1266 870 1308 contrahitur,
890 1274 924 1299 et
945 1265 1083 1299 finitur:
1107 1266 1200 1299 unde
1219 1265 1337 1299 forma
1357 1277 1375 1299 a
1394 1266 1544 1300 materia
1564 1265 1728 1300 absoluta
1748 1273 1802 1300 est

234 1322 509 1369 quodammodo
532 1321 690 1362 infinita,
713 1328 747 1354 et
767 1320 849 1354 ideo
873 1330 1008 1361 sensus,
1036 1319 1097 1365 qui
1123 1327 1176 1353 est
1200 1319 1253 1352 vis
1281 1318 1491 1365 corporalis,
1519 1319 1709 1365 cognoscit
1734 1319 1802 1353 sin-

232 1376 367 1423 gulare,
392 1375 488 1421 quod
512 1383 564 1409 est
591 1374 871 1408 determinatum
898 1384 960 1419 per
987 1373 1200 1406 materiam:
1228 1372 1432 1406 intellectus
1457 1383 1556 1414 vero,
1583 1372 1644 1418 qui
1670 1380 1723 1406 est
1747 1373 1800 1407 vis

233 1443 253 1464 a
275 1430 426 1464 materia
448 1428 624 1470 absoluta,
647 1427 836 1473 cognoscit
858 1426 1072 1468 universale,
1095 1426 1191 1472 quod
1219 1434 1272 1460 est
1298 1427 1517 1460 abstractum
1540 1438 1560 1459 a
1581 1426 1744 1468 materia,
1766 1434 1801 1460 et

237 1484 397 1518 continet
418 1483 481 1517 sub
505 1493 541 1516 se
564 1481 701 1515 infinita
724 1480 939 1526 singularia3
962 1480 1055 1514 unde
1078 1488 1185 1526 patet,
1209 1479 1305 1525 quod
1326 1480 1465 1513 bonum
1486 1480 1706 1514 conveniens
1725 1491 1801 1513 cor-

230 1537 321 1583 pori,
357 1536 453 1582 quod
490 1547 553 1581 per
587 1535 916 1581 apprehensionem
950 1545 1074 1568 sensus
1102 1533 1382 1568 delectationem
1409 1532 1640 1579 corporalem
1665 1541 1799 1575 causat,

232 1603 306 1625 non
329 1598 382 1624 est
403 1589 603 1636 perfectum
625 1590 762 1623 bonum
789 1588 960 1630 hominis,
987 1588 1049 1622 sed
1073 1596 1125 1622 est
1147 1588 1341 1621 minimum
1363 1587 1535 1634 quiddam
1557 1587 1593 1621 in
1615 1598 1802 1633 compara-

229 1645 328 1679 tione
351 1644 394 1678 ad
414 1644 550 1677 bonum
574 1643 737 1684 animae,
760 1642 854 1675 unde
878 1641 1037 1687 Sapient.
1061 1652 1091 1686 7.
1115 1641 1254 1683 dicitur,
1277 1641 1375 1687 quod
1396 1653 1489 1675 omne
1510 1652 1634 1675 aarum
1655 1642 1690 1675 in
1717 1653 1802 1675 com-

223 1699 403 1744 paratione
419 1698 596 1743 sapientiae
623 1707 726 1730 araim
747 1700 789 1729 est
810 1696 949 1740 exigam·
978 1695 1027 1728 sic
1050 1695 1158 1740 igitur
1184 1706 1301 1740 neque
1328 1693 1495 1740 voluptas
1522 1693 1721 1740 corporalis
1748 1702 1801 1729 est

230 1751 307 1796 ipsa
327 1750 524 1791 beatitudo,
546 1761 613 1784 nec
638 1757 689 1783 est
710 1760 773 1795 per
795 1760 832 1783 se
855 1748 1022 1782 accidens
1044 1748 1285 1782 beatitudinis.

301 1805 361 1839 AD
383 1814 533 1839 PRJMUM
561 1814 648 1848 ergo
676 1802 882 1843 dicendum,
911 1802 1007 1847 quod
1035 1801 1197 1847 ejusdem
1224 1801 1373 1835 rationis
1400 1809 1463 1844 est,
1491 1801 1587 1848 quod
1614 1809 1802 1848 appetatur

232 1858 382 1899 bonum,
409 1865 443 1891 et
474 1856 571 1902 quod
599 1864 786 1902 appetatur
812 1854 1017 1897 delectatio,
1044 1866 1135 1900 quae
1161 1854 1252 1889 nihil
1279 1863 1331 1889 est
1357 1855 1464 1898 aliud,
1491 1866 1601 1902 quam
1628 1855 1800 1901 quietatio

231 1911 407 1958 appetitus
429 1911 465 1944 in
492 1911 609 1944 bono:
638 1910 730 1943 sicut
757 1920 798 1943 ex
825 1909 953 1943 eadem
980 1909 1110 1942 virtute
1137 1916 1286 1943 naturae
1314 1917 1377 1951 est,
1404 1909 1501 1955 quod
1528 1921 1636 1955 grave
1667 1909 1801 1944 feratur

230 1965 413 2006 deorsum,
437 1972 471 1998 et
493 1964 589 2009 quod
612 1963 659 1996 ibi
678 1963 849 2008 quiescat.
869 1962 976 1996 Unde
991 1962 1084 1996 sicut
1100 1962 1237 1996 bonum
1256 1970 1403 2008 propter
1424 1963 1584 2008 seipsum
1603 1963 1800 2009 appetitur3

228 2018 276 2052 ita
300 2026 334 2052 et
355 2017 547 2052 delectatio
571 2024 717 2063 propter
738 2027 787 2058 se,
811 2024 845 2050 et
866 2027 940 2049 non
963 2023 1107 2061 propter
1130 2015 1225 2049 aliud
1245 2016 1433 2062 appetitur,
1456 2017 1485 2050 si
1503 2016 1684 2063 lypropter
1705 2017 1801 2051 dicat

229 2083 377 2106 causam
396 2071 561 2105 finalem:
582 2071 610 2104 si
628 2081 715 2104 vero
734 2070 830 2104 dicat
844 2081 992 2103 causam
1007 2068 1213 2111 formalem,
1232 2069 1290 2103 vel
1309 2070 1427 2115 potius
1443 2081 1592 2104 causam
1610 2070 1800 2112 motivam,

229 2126 279 2160 sic
315 2125 507 2159 delectatio
536 2132 589 2158 est
616 2123 826 2169 appetibilis,
854 2131 1001 2169 propter
1027 2123 1134 2165 aliud,
1162 2123 1253 2157 idest
1278 2132 1424 2168 propter
1448 2124 1598 2166 bonum,
1625 2124 1722 2169 quod
1748 2132 1802 2158 est

229 2178 479 2213 delectationis
502 2178 708 2223 objectum;
732 2185 765 2210 et
787 2188 850 2222 per
872 2188 1098 2222 consequens
1121 2184 1173 2210 est
1193 2176 1411 2223 principium
1433 2178 1521 2222 ejus,
1543 2185 1578 2212 et
1598 2177 1660 2211 dat
1679 2177 1712 2212 ei
1733 2177 1802 2212 for-

229 2244 348 2266 mam:
369 2243 410 2265 ex
429 2231 500 2265 hoc
525 2231 622 2265 enim
645 2230 837 2264 delectatio
865 2230 973 2264 habet
999 2230 1095 2276 quod
1124 2238 1321 2276 appetatur,
1344 2231 1427 2276 quia
1449 2238 1502 2265 est
1523 2231 1623 2277 quies
1643 2230 1681 2265 in
1700 2231 1799 2266 bono

229 2285 442 2320 desiderato.

300 2338 360 2372 AD
379 2348 586 2372 SECUNDUM
602 2337 808 2378 dicendum,
825 2336 920 2382 quod
939 2336 1138 2371 vehemens
1154 2337 1330 2383 appetitus
1346 2336 1597 2373 delectationis
1618 2338 1799 2373 sensibilis

229 2392 409 2437 contingit
429 2403 471 2425 ex
492 2391 577 2433 hoc,
599 2391 697 2437 quod
719 2391 950 2437 operationes
972 2402 1156 2432 sensuum,
1175 2390 1258 2437 quia
1280 2399 1362 2425 sunt
1382 2391 1557 2438 principia
1577 2400 1723 2427 nostrae
1741 2403 1799 2426 co-

228 2446 411 2491 gnitionis,
433 2453 515 2479 sunt
537 2445 653 2490 magis
675 2444 944 2491 perceptibiles:
969 2444 1062 2478 unde
1085 2445 1195 2479 etiam
1218 2456 1236 2478 a
1259 2445 1419 2491 pluribus
1441 2445 1701 2481 delectationes
1722 2458 1799 2482 sen-

227 2499 348 2534 sibiles
370 2507 597 2545 appetuntur.

300 2553 360 2587 AD
389 2562 560 2586 TERTwM
594 2551 801 2593 dicendum,
837 2551 932 2597 quod
960 2563 1004 2586 eo
1032 2552 1144 2586 modo
1171 2563 1300 2586 omnes
1328 2560 1500 2598 appetunt
1526 2553 1798 2597 delectationes,

228 2607 319 2640 sicut
341 2614 376 2640 et
397 2613 568 2652 appetunt
589 2605 748 2639 bonum:
778 2613 812 2639 et
833 2613 955 2639 tamen
979 2604 1258 2639 delectationem
1281 2614 1454 2652 appetunt
1478 2607 1617 2642 ratione
1642 2607 1741 2650 boni,
1763 2615 1798 2642 et

227 2671 301 2694 non
324 2672 342 2694 c
366 2670 556 2700 converso,
581 2666 618 2692 ut
640 2658 776 2692 dictum
800 2667 853 2692 est
875 2659 926 2703 (in
950 2665 1038 2705 corp.
1057 2659 1159 2703 art.).·
1183 2659 1277 2693 unde
1299 2670 1373 2692 non
1395 2659 1566 2705 sequitur,
1588 2661 1684 2707 quod
1705 2660 1798 2696 dele-

228 2715 336 2747 ctatio
356 2713 400 2747 sit
421 2712 634 2753 maximum,
658 2719 692 2746 et
714 2723 777 2757 per
798 2723 834 2746 sc
857 2712 1014 2754 bonum;
1037 2712 1096 2746 sed
1121 2713 1217 2758 quod
1240 2723 1478 2758 unaquaeque
1499 2713 1692 2748 delectatio
1715 2725 1798 2748 con-

227 2774 395 2812 sequatur
430 2765 575 2811 aliquod
609 2765 757 2806 bonum,
781 2773 815 2799 et
843 2765 961 2811 aliqua
983 2765 1176 2800 delectatio
1199 2774 1441 2812 consequatur
1466 2766 1513 2808 id,
1535 2767 1632 2814 quod
1659 2775 1712 2802 est
1733 2778 1796 2814 per

227 2831 276 2862 se,
298 2828 332 2853 et
354 2819 554 2853 maximum
576 2818 724 2853 bonum.
