1875 3198
210 200 293 242 752
645 199 864 234 QUAESTIO
898 199 970 229 CII.
1005 199 1251 229 ARTICULUS
1288 199 1343 228 IV.

209 293 309 315 scere
331 281 480 327 possint,
503 281 564 327 qui
585 281 833 327 significantur
856 293 918 327 per
940 281 1157 315 Sacerdotes
1178 280 1422 325 ingredientes
1435 279 1728 314 tabernaculum:
1743 279 1779 313 in

210 335 407 369 candelabro
429 335 536 381 igitur
558 335 823 381 designabatur,
846 335 936 368 sicut
958 335 994 368 in
1013 336 1117 380 signo
1145 333 1316 376 sensibili,
1342 334 1514 380 sapientia,
1541 344 1633 379 quae
1654 331 1783 367 intelli-

210 386 378 434 gibilibus
399 389 516 422 verbis
540 389 804 434 exprimebatur
826 388 861 421 in
888 388 1038 422 tabulis:
1066 399 1129 434 per
1156 389 1259 422 altare
1285 399 1373 421 vero
1403 387 1626 432 thymiamatis
1652 385 1784 433 signifi-

210 442 356 476 cabatur
379 443 518 488 officium
546 443 765 484 sacerdotnm,
791 454 946 488 quorum
969 451 1045 476 erat
1062 442 1239 488 populum
1255 443 1299 476 ad
1313 443 1435 476 Deum
1452 441 1643 476 reducere:
1659 450 1694 476 et
1710 441 1782 476 hoc

211 497 321 529 etiam
348 496 617 541 significabatur
644 508 706 542 per
732 498 887 541 virgam:
915 508 1003 529 narn
1029 497 1065 530 in
1092 496 1156 530 illo
1185 495 1288 530 altari
1314 495 1574 530 incendebatur
1601 496 1783 541 thymiama

211 550 287 583 boni
309 549 430 592 odoris,
454 561 517 594 per
538 549 635 595 quod
658 549 927 595 significabatur
947 551 1106 584 sanctitas
1131 550 1250 596 populi
1281 548 1512 595 acceptabilis
1533 549 1633 584 Deo:
1657 548 1786 582 dicitur

211 602 309 636 enim
331 602 552 648 Apocalyps.
576 613 607 647 7.
631 603 727 648 quod
750 614 812 648 per
826 603 964 648 sinnam
987 608 1177 637 aromatum
1197 604 1429 649 significantur
1442 603 1693 648 justificationes
1713 613 1787 636 san-

210 661 339 690 ctornm
369 657 459 700 (non
490 656 527 689 in
558 667 634 702 cap.
660 667 704 701 7.,
726 656 788 690 sed
810 656 846 690 in
874 668 951 702 cap.
978 668 1029 704 19.
1058 656 1179 690 solum
1201 656 1301 690 hab.:
1324 657 1496 702 Byssinum
1521 656 1609 690 enim
1626 655 1788 701 justifica-

215 711 315 744 tiones
334 715 408 744 sunt
428 710 646 753 sanctorum).
671 710 944 744 Convenienter
967 718 1089 744 autern
1109 710 1320 744 sacerdotalis
1340 709 1486 755 dignitas
1510 709 1547 743 in
1575 719 1658 742 arca
1679 708 1786 754 signi-

212 763 387 797 ficabatur
408 774 471 809 per
496 764 650 809 virgam:
679 763 715 796 in
743 763 911 797 exteriori
936 775 1024 797 vero
1058 763 1293 798 tabernaculo
1321 774 1384 809 per
1410 763 1516 798 altare
1543 763 1780 808 thymiamatis,

211 817 295 862 quia
318 816 498 850 Sacerdos
521 816 700 851 mediator
721 825 774 851 est
796 817 887 851 inter
901 814 1034 858 Deum,
1057 825 1092 851 et
1107 816 1297 863 populum,
1311 827 1440 862 regens
1453 815 1631 863 populum
1645 826 1708 862 per
1727 826 1789 861 po-

211 879 379 905 testatem
412 870 585 912 divinam,
613 882 723 916 quam
749 871 849 916 virga
879 870 1074 916 significat3
1101 878 1136 904 et
1161 869 1320 904 fructum
1346 870 1401 904 sui
1426 869 1626 916 regiminiS,
1647 868 1787 903 scilicet

211 925 441 958 sanctitatem
463 924 600 970 populi,
621 925 703 959 Deo
727 924 842 967 offert,
861 925 963 971 quasi
977 925 1014 958 in
1029 924 1132 958 altari
1145 924 1407 970 thymiamatis.
1422 923 1492 957 Per
1505 934 1651 957 mensam
1667 930 1788 957 autem

212 977 435 1024 significatur
457 979 633 1024 temporale
655 980 894 1013 nntrinwntnm
913 980 1016 1022 vitae,
1037 978 1129 1012 sicut
1151 986 1186 1012 et
1203 989 1266 1024 per
1280 989 1434 1011 manna:
1457 977 1519 1011 sed
1532 977 1605 1011 hoc
1625 983 1679 1010 est
1692 987 1790 1009 com-

212 1031 369 1073 munius,
392 1039 426 1065 et
448 1032 609 1077 grossius
631 1032 915 1074 nutrimentum3
937 1031 1025 1066 illud
1049 1040 1171 1065 autem
1197 1031 1355 1074 suavius,
1382 1039 1418 1065 et
1442 1029 1618 1065 subtilius.
1647 1029 1790 1064 Conve-

211 1086 351 1119 nienter
374 1093 495 1119 autem
518 1081 753 1120 canclc’lalnann
775 1086 978 1132 ponebatur
1000 1096 1041 1119 ex
1063 1093 1164 1131 parte
1186 1085 1325 1120 australi
1338 1098 1347 1120 :
1369 1096 1482 1119 mensa
1497 1092 1619 1118 autem
1633 1090 1789 1129 exparte

212 1139 428 1184 aquilonari:
459 1139 542 1184 quia
570 1138 735 1173 australis
763 1151 844 1185 pars
873 1147 925 1174 est
960 1139 1083 1173 dextra
1118 1150 1200 1185 pars
1235 1139 1378 1173 mundi:
1412 1137 1633 1184 aquilonaris
1669 1145 1789 1171 autem

212 1192 365 1233 sinistra,
382 1200 420 1226 ut
435 1192 564 1226 dicitur
577 1193 613 1226 in
630 1203 659 1226 2.
682 1193 725 1226 de
750 1192 881 1234 Coelo,
904 1201 938 1227 et
952 1193 1091 1227 Mundo
1107 1193 1188 1238 (tex.
1208 1194 1268 1239 15.)
1283 1206 1293 1228 .·
1309 1192 1486 1239 sapientia
1500 1199 1622 1226 autern
1636 1190 1791 1237 pertinet

213 1245 256 1279 ad
279 1246 453 1288 dextram,
475 1246 569 1280 sicut
590 1256 625 1280 et
646 1254 788 1280 caetera
810 1246 1009 1293 spiritualia
1029 1247 1142 1280 bona:
1165 1246 1367 1293 temporale
1390 1253 1512 1280 autem
1527 1245 1790 1279 nutrimentum

214 1299 258 1333 ad
280 1299 475 1343 sinistram,
498 1301 699 1334 secundum
721 1300 810 1334 illud
836 1301 1008 1335 Proverb.
1039 1312 1085 1347 3.:
1108 1301 1149 1335 In
1174 1302 1310 1335 sinistra
1330 1300 1421 1334 illius
1441 1299 1590 1341 divitiae,
1617 1303 1646 1333 et
1670 1298 1790 1344 gloria.

214 1353 380 1387 Potestas
403 1361 524 1387 autem
553 1353 796 1388 Sacerdotalis
824 1354 944 1388 media
972 1362 1026 1389 est
1050 1355 1143 1388 inter
1168 1353 1397 1400 temporalia,
1425 1361 1460 1388 et
1486 1351 1710 1399 spiritualem
1737 1362 1790 1386 sa-

215 1407 406 1453 pientiam,
430 1407 513 1453 quia
533 1419 597 1454 per
619 1419 700 1441 eam
728 1416 761 1442 et
787 1408 981 1454 spiritualis
1008 1408 1196 1454 sapientia,
1224 1416 1259 1442 et
1283 1406 1501 1454 temporalia
1527 1406 1790 1453 dispensantur.

215 1461 340 1494 Potest
367 1469 490 1494 autem
517 1470 552 1495 et
583 1461 716 1495 horum
745 1461 813 1495 alia
840 1462 931 1496 ratio
960 1462 1136 1508 assignari
1162 1462 1278 1507 magis
1313 1461 1481 1496 literalis:
1509 1461 1546 1494 in
1573 1471 1656 1494 arca
1692 1459 1790 1494 enim

215 1514 493 1548 continebantur
517 1515 662 1549 tabulae
696 1514 786 1561 legis
821 1515 865 1549 ad
898 1515 1098 1550 tollendam
1134 1515 1224 1561 legis
1259 1514 1502 1549 oblivionem:
1537 1513 1631 1548 unde
1659 1513 1788 1548 dicitur

214 1568 326 1602 Exod.
350 1578 423 1611 245
446 1569 546 1602 Dabo
570 1570 628 1603 tilii
654 1568 735 1603 duas
757 1570 886 1604 talmlas
908 1569 1066 1616 lapideas,
1095 1574 1122 1603 et
1148 1569 1260 1615 legem,
1285 1580 1322 1604 ac
1349 1568 1522 1611 mandata,
1550 1579 1633 1614 quae
1657 1568 1790 1613 scripsi,

216 1627 248 1656 nt
267 1621 379 1656 cloccas
389 1622 479 1668 filios
501 1622 613 1657 Israel.
629 1622 741 1668 Virga
764 1634 851 1657 vero
874 1623 1001 1657 Aaron
1023 1623 1226 1669 ponebatur
1239 1623 1288 1656 ibi
1310 1622 1354 1656 ad
1380 1621 1697 1668 comprimendam
1721 1620 1788 1654 dis-

216 1676 425 1710 sensionem
446 1676 572 1722 populi
591 1677 633 1710 de
654 1676 858 1711 sacerdotio
882 1677 1028 1719 Aaron3
1051 1676 1146 1710 unde
1169 1676 1299 1710 dicitur
1320 1676 1430 1710 Num.
1451 1687 1520 1721 17.:
1540 1675 1638 1721 Refer
1654 1675 1789 1720 virgam

216 1730 336 1764 Aaron
356 1731 388 1763 in
404 1730 654 1764 tabernaculam
672 1731 860 1772 testimonii,
882 1735 916 1764 nt
931 1735 1116 1765 reservetur
1131 1731 1164 1764 in
1178 1731 1308 1775 signam
1324 1730 1495 1764 rebellium
1505 1729 1662 1775 filioram
1676 1728 1791 1763 IsraH.

216 1783 351 1816 Manna
379 1791 499 1817 autem
523 1784 805 1818 conservabatur
824 1784 860 1817 in
884 1796 965 1818 arca
990 1784 1033 1818 ad
1057 1783 1427 1818 commemorandum
1445 1782 1676 1825 beneficium,
1694 1781 1792 1828 quod

216 1837 397 1871 Dominus
415 1837 591 1883 praestitit
607 1837 688 1872 filiis
703 1837 814 1872 Israel
835 1838 871 1871 in
894 1838 1055 1880 desert03
1076 1837 1170 1872 unde
1186 1837 1316 1871 dicitur
1334 1837 1447 1871 Exod.
1471 1835 1544 1871 16.:
1559 1835 1664 1882 Imple
1677 1847 1795 1882 gomor

216 1903 255 1925 ex
276 1903 323 1933 eo,
345 1896 373 1925 ct
400 1891 604 1926 custodiatur
624 1893 657 1925 ia
668 1892 807 1938 suturas
826 1896 911 1926 retro
930 1893 1165 1938 generationes,
1185 1896 1221 1926 ut
1238 1892 1352 1926 norint
1367 1897 1482 1938 panes,
1506 1891 1624 1936 quibus
1645 1889 1715 1924 alai
1735 1900 1793 1924 vos

217 1945 251 1978 in
277 1944 460 1979 solitudine.
485 1944 759 1979 Candelabrum
781 1957 869 1979 vero
893 1954 968 1980 erat
989 1946 1195 1980 institutum
1223 1945 1267 1979 ad
1293 1943 1615 1979 honorificentiam
1633 1943 1795 1978 taberna-

219 1997 307 2032 culi:
331 1999 485 2045 pertinet
507 1999 603 2033 enim
628 1999 671 2033 ad
695 1999 1007 2046 magnificentiam
1030 1999 1173 2042 domus,
1201 1999 1297 2046 quod
1320 1999 1365 2033 sit
1390 1999 1481 2033 bene
1507 1997 1702 2032 luminosa.
1726 1997 1796 2031 Ha-

216 2052 323 2086 bebat
345 2060 466 2086 autem
489 2052 748 2087 candelabrum
775 2061 915 2099 septem
934 2053 1109 2096 calamos,
1128 2061 1166 2087 ut
1182 2053 1363 2100 Josephus
1379 2052 1465 2087 dicit
1485 2052 1562 2098 (lib.
1579 2063 1609 2098 3.
1625 2052 1794 2097 Antiquit.

219 2112 292 2152 sap.
309 2117 338 2152 7.
358 2112 385 2140 et
398 2107 429 2141 8.
453 2106 596 2152 adsta),
614 2106 895 2152 significandum
922 2115 1062 2153 septem
1080 2106 1256 2154 planetas,
1279 2106 1408 2153 quibus
1425 2113 1523 2140 totus
1541 2104 1699 2139 mundus
1719 2103 1797 2138 illu-

219 2160 396 2201 minatur3
412 2168 447 2194 et
468 2160 550 2194 ideo
568 2161 771 2206 ponebatur
793 2160 1052 2195 candelabrum
1075 2172 1116 2194 ex
1138 2168 1238 2207 parte
1261 2159 1425 2194 australi:
1448 2159 1532 2206 quia
1551 2169 1594 2193 ex
1611 2157 1673 2192 illa
1694 2165 1794 2204 parte

221 2221 275 2247 est
296 2213 400 2247 nobis
422 2213 650 2259 planetarum
667 2225 802 2248 cursus.
822 2214 948 2248 Altare
970 2226 1056 2249 vero
1079 2214 1330 2261 thymiamatis
1351 2221 1428 2248 erat
1452 2213 1668 2254 institutum,
1690 2219 1729 2246 ut
1749 2212 1798 2258 ju-

221 2267 311 2313 giter
338 2268 373 2300 in
396 2267 631 2301 tabernaculo
654 2276 748 2302 esset
765 2267 885 2302 fumus
908 2268 994 2302 boni
1016 2269 1155 2310 odoris;
1178 2276 1256 2302 tum
1278 2275 1425 2314 propter
1452 2267 1727 2301 venerationem
1749 2273 1798 2299 ta-

221 2320 429 2363 bernaculi3
455 2329 532 2354 turn
565 2322 675 2355 etiam
707 2322 741 2355 in
772 2322 976 2356 remedium
1006 2321 1168 2364 foetoris,
1203 2332 1311 2368 quern
1342 2321 1533 2368 oportebat
1563 2319 1728 2354 accidere
1755 2329 1798 2353 ex

223 2374 400 2409 effusione
423 2375 620 2421 sanguinis,
645 2383 679 2409 et
701 2376 887 2410 occisione
911 2376 1144 2410 animalium:
1173 2387 1215 2410 ea
1237 2375 1335 2410 enirn
1357 2385 1449 2422 quae
1471 2382 1554 2408 sunt
1573 2373 1720 2415 foetida,
1741 2372 1799 2407 de-

171 2444 176 2447 ·
223 2429 423 2475 spiciuntur
433 2429 536 2475 quasi
550 2429 653 2471 vilia3
669 2441 761 2475 quae
772 2441 858 2463 vero
874 2438 956 2464 sunt
970 2430 1056 2464 boni
1076 2430 1210 2472 odoris,
1224 2429 1394 2464 homines
1410 2430 1526 2475 magis
1542 2427 1796 2474 appretiantur.

222 2482 348 2516 Mensa
361 2491 481 2517 autem
495 2483 744 2529 apponebatur
755 2484 797 2516 ad
810 2483 1101 2529 significandum,
1112 2484 1209 2529 quod
1223 2483 1440 2526 Sacerdotes
1450 2481 1590 2528 templo
1602 2481 1798 2516 servientes

222 2536 258 2569 in
272 2536 410 2583 templo
426 2537 563 2570 victum
577 2537 710 2570 habere
726 2536 921 2579 debebant,
938 2537 1032 2571 unde
1044 2537 1238 2571 duodecim
1253 2548 1363 2583 panes
1377 2535 1625 2582 superpositos
1637 2544 1798 2576 mensae,

222 2590 258 2623 in
281 2590 499 2624 memoriam
519 2590 712 2624 duodecim
732 2591 902 2632 tribuum,
922 2591 1008 2625 solis
1030 2591 1287 2625 Sacerdotibus
1303 2591 1408 2625 edere
1423 2590 1563 2624 licitum
1579 2597 1666 2632 erat,
1685 2596 1724 2623 ut
1737 2588 1800 2623 ha-

222 2644 325 2678 betur
347 2644 475 2678 Matth.
503 2655 573 2678 12.:
598 2655 723 2678 mensa
747 2653 867 2678 autem
890 2656 962 2678 non
988 2646 1187 2691 ponebatur
1214 2644 1348 2678 directe
1371 2646 1407 2678 in
1429 2643 1552 2678 medio
1575 2650 1657 2678 ante
1680 2643 1798 2689 propi-

223 2697 420 2739 tiatorium,
441 2698 483 2732 ad
506 2698 770 2732 excludendum
796 2699 902 2731 titum
927 2698 1171 2733 idololatriae:
1188 2710 1273 2732 nam
1295 2697 1459 2733 Gentiles
1478 2698 1514 2731 in
1536 2697 1648 2732 sacris
1672 2696 1796 2730 Lunae

224 2752 477 2797 proponebant
498 2763 661 2786 mensam
681 2763 805 2786 coram
828 2751 927 2785 idolo
952 2752 1096 2794 Lunae;
1116 2752 1210 2786 unde
1234 2752 1363 2786 dicitur
1383 2751 1543 2785 Hierem.
1564 2761 1615 2796 7.:
1639 2750 1797 2785 Mulieres

224 2811 438 2852 conspergant
459 2807 600 2853 adipem,
628 2812 663 2841 nt
677 2807 814 2852 saciant
828 2806 998 2853 placentas
1017 2808 1148 2851 reginae
1171 2807 1269 2841 coeli:
1287 2806 1322 2840 in
1346 2806 1437 2840 atrio
1452 2816 1539 2840 vero
1562 2813 1661 2840 extra
1685 2804 1800 2839 taber-

225 2859 397 2893 naculum
421 2861 674 2894 continebatur
701 2860 811 2894 altare
834 2859 1150 2901 holocaustorum,
1173 2860 1206 2893 in
1231 2871 1303 2906 quo
1326 2859 1570 2894 offerebantur
1590 2858 1673 2893 Deo
1695 2857 1800 2893 sacri-

227 2913 307 2947 ficia
323 2914 366 2948 de
382 2914 448 2956 his,
469 2926 560 2960 quae
577 2923 678 2948 erant
693 2926 711 2948 a
726 2913 862 2960 populo
878 2925 1059 2960 possessa:
1077 2921 1110 2948 ct
1125 2914 1207 2948 ideo
1224 2913 1260 2948 in
1275 2913 1366 2948 atrio
1381 2920 1524 2960 poterat
1537 2923 1616 2947 esse
1631 2911 1798 2959 populus,
