1907 3182
288 181 368 222 114
722 179 939 215 QUAESTIO
972 180 1062 209 XIII.
1097 179 1340 210 ARTICULUS
1373 181 1400 210 Ι.

797 424 1151 485 QUAESTIO
1192 425 1320 471 XIII.

445 549 507 580 DE
545 549 811 580 ELECTIONE
849 548 1029 588 EORUM,
1072 549 1201 589 QUAE
1237 550 1359 581 SUNT
1396 550 1462 580 AD
1499 549 1662 589 FINEM,

713 619 764 650 IN
802 620 888 651 SEX
926 620 1187 652 ARTICULOS
1226 620 1400 652 DIVISA.

352 739 630 786 Consequenter
653 740 956 774 considerandum
979 749 1031 775 est
1053 741 1095 775 de
1119 741 1256 775 actibus
1277 740 1485 784 voluntatis,
1508 741 1568 788 qui
1588 749 1671 776 sunt
1690 741 1726 775 in
1747 753 1844 776 com-

280 793 467 839 paratione
491 793 533 827 ad
561 805 603 827 ea
629 805 720 840 quae
748 802 830 828 sunt
857 794 900 827 ad
928 793 1057 828 finem:
1081 802 1115 828 et
1141 803 1223 828 sunt
1248 803 1334 829 tres:
1362 795 1486 840 eligere,
1508 797 1697 838 consentire,
1725 803 1760 830 et
1783 797 1843 830 uti.

278 846 505 881 Electionem
533 855 653 881 autem
680 847 863 893 praecedit
890 847 1094 881 consilium.
1127 847 1241 882 Primo
1268 859 1355 894 ergo
1383 848 1687 883 considerandum
1720 857 1774 884 est
1799 849 1843 884 de

281 900 475 935 electione:
496 900 632 936 secundo
655 901 698 935 de
722 901 893 935 consilio:
918 902 1011 935 tortio
1035 901 1078 934 de
1101 912 1299 936 consensu:
1321 906 1439 947 quarto
1461 902 1505 936 de
1526 913 1603 936 usu.

756 989 858 1025 Circa
876 990 1061 1024 electionem
1080 996 1286 1036 quaeruntur
1306 1003 1370 1026 sex.

351 1061 486 1095 Primo.
511 1061 623 1106 Cujus
646 1061 828 1106 potentiae
850 1061 894 1095 sit
916 1068 1028 1103 actus,
1051 1069 1171 1095 utrum
1192 1061 1401 1105 voluntatis,
1421 1061 1480 1097 vel
1501 1062 1660 1097 rationis.

351 1114 532 1148 Secundo.
556 1114 688 1148 Utrum
710 1114 839 1148 electio
863 1115 1055 1149 conveniat
1075 1115 1186 1149 brutis
1209 1115 1435 1150 animalibus.

353 1166 490 1202 Tertio.
514 1167 647 1202 Utrum
674 1167 802 1202 electio
830 1168 875 1202 sit
900 1167 1020 1202 solum
1048 1179 1175 1202 eorum
1202 1180 1293 1215 quae
1320 1177 1402 1204 sunt
1435 1169 1478 1204 ad
1504 1169 1626 1213 finem,
1652 1170 1712 1206 vel
1736 1171 1846 1206 etiam

283 1221 498 1268 quandoque
520 1221 610 1255 finis.

354 1275 507 1316 Quarto.
530 1275 663 1309 Utrum
684 1274 813 1309 electio
836 1275 880 1309 sit
900 1283 1042 1309 tantun]
1064 1287 1203 1318 eorum,
1226 1288 1318 1323 quae
1339 1288 1402 1323 per
1422 1289 1488 1312 nos
1511 1285 1675 1324 aguntur.

354 1329 505 1370 Quinto.
528 1329 660 1364 Utrum
683 1329 813 1364 electio
836 1329 880 1363 sit
900 1329 1020 1364 solum
1041 1330 1278 1376 possibilium.

354 1383 474 1417 Sexto.
497 1383 629 1417 Utrum
650 1383 765 1417 homo
794 1394 834 1417 ex
856 1383 1070 1417 necessitate
1093 1383 1213 1429 eligat,
1235 1383 1293 1418 vel
1313 1384 1433 1419 libere.

854 1525 1200 1570 ARTICULUS
1235 1526 1268 1568 I.

400 1634 554 1664 UTRUM
585 1633 776 1663 ELECTIO
806 1633 873 1663 SIT
899 1633 1042 1663 ACTUS
1069 1633 1371 1674 VOTUNTATIS‚
1398 1633 1480 1663 VEL
1507 1633 1728 1664 RATIONIS.

1777 1549 1817 1584 75

344 1722 451 1767 (Part.
474 1735 501 1758 1.
524 1734 553 1768 q.
569 1723 600 1758 8.
617 1727 682 1757 art.
698 1735 725 1769 3.
745 1729 836 1769 corp.
859 1727 887 1757 et
908 1734 937 1756 2.
960 1722 1047 1756 Dist.
1069 1733 1124 1766 24.
1147 1733 1176 1768 q.
1192 1734 1219 1757 1.
1242 1726 1304 1756 art.
1327 1726 1408 1756 2-‘et
1427 1722 1514 1756 Veri.
1537 1733 1567 1768 q.
1587 1733 1640 1756 22.
1663 1726 1727 1756 art.
1742 1733 1786 1767 15.

765 1781 794 1811 et
812 1788 839 1823 3.
859 1776 933 1810 ΕΗ).
957 1775 1025 1810 lect.
1046 1776 1078 1810 6.
1100 1781 1130 1810 et
1147 1776 1217 1810 lect.
1237 1787 1267 1810 2.
1287 1775 1375 1821 fin).

355 1866 414 1900 AD
436 1876 585 1901 PRIMUM
608 1865 658 1900 sic
677 1865 894 1911 proceditur.
909 1865 1072 1907 Videtur,
1088 1865 1185 1912 quod
1207 1865 1337 1899 electio
1359 1876 1434 1899 non
1456 1864 1500 1899 sit
1521 1872 1622 1899 actus
1639 1863 1847 1906 voluntatis,
1906 1870 1907 1874 ’

285 1919 347 1954 sed
368 1919 536 1962 rationis;
559 1918 688 1953 electio
711 1919 808 1953 enim
831 1918 1067 1953 collationem
1089 1919 1286 1965 quamdam
1306 1918 1490 1965 importat,
1517 1929 1587 1964 qua
1612 1929 1726 1952 unum
1747 1917 1848 1952 alteri

284 1972 498 2020 praefertur:
520 1973 582 2006 sed
605 1972 768 2007 conferre
791 1981 843 2007 est
864 1973 1029 2015 rationis3
1052 1984 1138 2018 ergo
1161 1972 1290 2007 electio
1313 1980 1366 2007 est
1385 1972 1544 2006 rationis.

355 2036 386 2060 2.
409 2026 643 2061 PRAETEREA.
666 2026 838 2071 Ejusdem
861 2034 913 2060 est
934 2026 1162 2073 syllogizare,
1181 2034 1215 2060 et
1233 2025 1467 2061 concludere:
1489 2025 1704 2072 syllogizare
1726 2033 1848 2060 autem

287 2080 323 2114 in
346 2080 587 2126 operabilibus
610 2087 662 2114 est
684 2080 843 2121 rationis,
871 2092 954 2114 cum
981 2080 1089 2126 igitur
1111 2079 1239 2114 electio
1267 2080 1311 2114 sit
1336 2080 1438 2126 quasi
1459 2079 1647 2114 conclusio
1668 2079 1706 2113 in
1727 2090 1849 2126 opera-

285 2133 425 2175 bilibus,
447 2141 485 2167 ut
506 2133 633 2167 dicitur
656 2133 691 2167 in
714 2145 744 2179 7.
768 2133 883 2167 Ethic.
901 2134 956 2178 (ax
970 2140 1039 2180 sap.
1051 2135 1110 2180 3.),
1129 2133 1280 2175 videtur,
1302 2133 1399 2179 quod
1420 2133 1465 2168 sit
1485 2140 1585 2167 actus
1606 2133 1765 2168 rationis.

361 2198 389 2232 3.
424 2186 659 2221 PRAETEREA.
687 2187 895 2232 Ignorantia
921 2198 995 2221 non
1022 2187 1176 2233 pertinet
1203 2187 1246 2220 ad
1272 2186 1510 2229 voluntatem,
1537 2186 1599 2221 sed
1626 2186 1670 2221 ad
1695 2186 1771 2220 vim
1791 2197 1850 2221 co-

289 2240 483 2287 gnitivam:
511 2248 564 2274 est
590 2248 711 2274 autem
737 2240 915 2286 quaedam
942 2241 1146 2286 ignorantia
1173 2239 1371 2282 electionis,
1397 2248 1436 2274 ut
1461 2239 1590 2274 dicitur
1614 2239 1651 2274 in
1676 2252 1704 2286 3.
1731 2239 1847 2274 Ethic.

288 2294 375 2340 (cap.
397 2293 441 2338 I.)
452 2306 463 2334 ,·
488 2304 574 2339 ergo
597 2293 747 2335 videtur,
770 2293 865 2339 quod
889 2293 1018 2328 electio
1040 2305 1114 2328 non
1136 2295 1312 2341 pertineat
1333 2294 1377 2328 ad
1397 2293 1634 2336 voluntatem,
1653 2294 1714 2328 sed
1736 2293 1780 2328 ad
1798 2304 1850 2328 ra-

286 2348 436 2382 tionem.

363 2400 438 2435 SED
461 2410 616 2435 CONTRA
644 2409 707 2443 est,
735 2400 831 2446 quod
853 2400 989 2435 Philos.
1013 2401 1099 2435 dicit
1124 2402 1160 2435 in
1186 2413 1213 2448 3.
1235 2401 1351 2436 Ethic.
1376 2401 1464 2449 (cap.
1484 2413 1512 2448 3.
1526 2407 1632 2449 prope
1648 2401 1730 2448 fin.)
1751 2401 1848 2448 quod

288 2454 418 2489 electio
440 2462 493 2488 est
515 2453 732 2488 desiderium
748 2465 887 2496 eorum,
903 2466 994 2501 quae
1013 2463 1095 2489 sunt
1115 2455 1152 2489 in
1172 2455 1295 2490 nobis:
1311 2455 1527 2490 desiderium
1543 2462 1664 2489 autem
1678 2463 1732 2490 est
1748 2463 1848 2490 actus
1866 2461 1868 2464 ’

287 2507 500 2550 voluntatis;
523 2519 610 2553 ergo
633 2516 668 2542 et
689 2508 829 2542 electio.

358 2562 586 2597 RESPONDEO
610 2562 814 2604 dicendum,
834 2563 929 2608 quod
952 2563 986 2596 in
1008 2563 1157 2597 nornine
1179 2563 1366 2598 electionis
1387 2563 1602 2610 importatur
1623 2562 1756 2609 aliquid
1774 2573 1850 2609 per-

288 2616 405 2650 tinens
428 2615 471 2649 ad
493 2615 683 2657 rationem,
706 2617 779 2650 sive
803 2616 845 2649 ad
868 2616 1102 2659 intellectum,
1126 2625 1160 2651 et
1182 2617 1314 2663 aliquid
1337 2617 1517 2663 pertinens
1539 2617 1582 2650 ad
1603 2616 1848 2651 voluntatem:

290 2669 376 2704 dicit
397 2669 495 2703 enim
516 2669 651 2703 Philos.
676 2669 710 2703 in
733 2668 764 2703 6.
789 2669 904 2704 Etliic.
929 2669 1015 2716 (sap.
1039 2671 1100 2715 2.),
1124 2671 1219 2717 quod
1242 2671 1371 2705 electio
1394 2679 1446 2705 est
1473 2671 1685 2717 appetitivus
1710 2669 1848 2705 intelle-

291 2732 379 2764 ctus,
394 2723 450 2757 vel
468 2723 644 2769 appetitus
660 2723 909 2757 intellectivus.
929 2723 1246 2771 Quandocumque
1262 2733 1381 2759 autem
1401 2725 1472 2760 duo
1491 2732 1709 2759 concurrunt
1727 2725 1770 2758 ad
1790 2723 1849 2758 ali-

291 2777 375 2823 quid
403 2788 514 2810 unum
543 2777 848 2818 constituendum,
875 2789 986 2810 unum
1015 2788 1140 2811 eorum
1169 2787 1220 2812 est
1247 2787 1284 2812 ut
1310 2778 1462 2813 formale
1488 2786 1651 2825 respectu
1684 2777 1846 2820 alterius;

293 2830 385 2864 unde
415 2830 614 2876 Gregorius
642 2830 826 2877 Nyssenus
851 2830 917 2875 (vel
942 2831 1068 2865 Nemes.
1096 2831 1151 2865 lib.
1173 2832 1209 2866 da
1236 2832 1314 2866 Nat.
1333 2832 1435 2867 Hom.
1462 2838 1533 2879 cap.
1556 2833 1617 2878 33.)
1639 2831 1725 2866 dicit
1750 2831 1846 2878 quod

294 2883 422 2919 electio
443 2896 559 2931 neque
582 2892 633 2919 est
655 2884 830 2931 appetitus
852 2884 1049 2918 secundum
1078 2885 1246 2931 scipsum,
1272 2897 1388 2932 neque
1415 2885 1605 2920 consilium
1628 2885 1759 2927 solum,
1785 2883 1847 2920 sed
