<?xml version="1.0" encoding="UTF-8"?>
<!DOCTYPE html PUBLIC "-//W3C//DTD XHTML 1.0 Transitional//EN"
    "http://www.w3.org/TR/xhtml1/DTD/xhtml1-transitional.dtd">
<html xmlns="http://www.w3.org/1999/xhtml" xml:lang="en" lang="en">
 <head>
  <title>
</title>
<meta http-equiv="Content-Type" content="text/html;charset=utf-8" />
  <meta name='ocr-system' content='tesseract 3.04.00' />
  <meta name='ocr-capabilities' content='ocr_page ocr_carea ocr_par ocr_line ocrx_word'/>
</head>
<body>
  <div class='ocr_page' id='page_1' title='image "./divithomaeaquina02thomuoft_0754.png"; bbox 0 0 1875 3198; ppageno 0'>
   <div class='ocr_carea' id='block_1_1' title="bbox 229 190 1354 232">
    <p class='ocr_par' dir='ltr' id='par_1_1' title="bbox 229 190 1354 232">
     <span class='ocr_line' id='line_1_1' title="bbox 229 190 1354 232; baseline -0.001 -12"><span class='ocrx_word' id='word_1_1' title='bbox 229 190 313 232; x_wconf 67' lang='lat'>750</span> <span class='ocrx_word' id='word_1_2' title='bbox 657 190 878 226; x_wconf 85' lang='lat' dir='ltr'>QUAESTIO</span> <span class='ocrx_word' id='word_1_3' title='bbox 914 191 986 220; x_wconf 88' lang='lat' dir='ltr'><strong>CII.</strong></span> <span class='ocrx_word' id='word_1_4' title='bbox 1020 191 1264 221; x_wconf 83' lang='lat' dir='ltr'>ARTICULUS</span> <span class='ocrx_word' id='word_1_5' title='bbox 1298 191 1354 220; x_wconf 88' lang='lat' dir='ltr'>IV.</span> 
     </span>
    </p>
   </div>
   <div class='ocr_carea' id='block_1_2' title="bbox 225 271 1805 2951">
    <p class='ocr_par' dir='ltr' id='par_1_2' title="bbox 225 271 1805 2628">
     <span class='ocr_line' id='line_1_2' title="bbox 227 271 1796 318; baseline 0.001 -14"><span class='ocrx_word' id='word_1_6' title='bbox 227 282 269 304; x_wconf 76' lang='lat' dir='ltr'>ex</span> <span class='ocrx_word' id='word_1_7' title='bbox 291 271 417 317; x_wconf 86' lang='lat' dir='ltr'>quibus</span> <span class='ocrx_word' id='word_1_8' title='bbox 439 271 475 305; x_wconf 92' lang='lat' dir='ltr'>in</span> <span class='ocrx_word' id='word_1_9' title='bbox 497 271 567 305; x_wconf 87' lang='lat' dir='ltr'>Dei</span> <span class='ocrx_word' id='word_1_10' title='bbox 587 272 862 306; x_wconf 83' lang='lat' dir='ltr'>venerationem</span> <span class='ocrx_word' id='word_1_11' title='bbox 882 272 1149 318; x_wconf 85' lang='lat' dir='ltr'>consurgimus.</span> <span class='ocrx_word' id='word_1_12' title='bbox 1171 272 1471 317; x_wconf 85' lang='lat' dir='ltr'>Distinguebatur</span> <span class='ocrx_word' id='word_1_13' title='bbox 1490 280 1611 307; x_wconf 88' lang='lat' dir='ltr'>autem</span> <span class='ocrx_word' id='word_1_14' title='bbox 1633 272 1796 306; x_wconf 87' lang='lat' dir='ltr'>taberna-</span> 
     </span>
     <span class='ocr_line' id='line_1_3' title="bbox 228 324 1796 375; baseline 0.001 -17"><span class='ocrx_word' id='word_1_15' title='bbox 228 324 350 358; x_wconf 87' lang='lat' dir='ltr'>culum</span> <span class='ocrx_word' id='word_1_16' title='bbox 365 325 401 358; x_wconf 90' lang='lat' dir='ltr'>in</span> <span class='ocrx_word' id='word_1_17' title='bbox 416 325 496 359; x_wconf 77' lang='lat' dir='ltr'>duas</span> <span class='ocrx_word' id='word_1_18' title='bbox 510 333 646 371; x_wconf 86' lang='lat' dir='ltr'>partes:</span> <span class='ocrx_word' id='word_1_19' title='bbox 666 326 701 359; x_wconf 90' lang='lat' dir='ltr'>in</span> <span class='ocrx_word' id='word_1_20' title='bbox 717 338 831 367; x_wconf 79' lang='lat' dir='ltr'>uuum,</span> <span class='ocrx_word' id='word_1_21' title='bbox 849 337 940 371; x_wconf 87' lang='lat' dir='ltr'>quae</span> <span class='ocrx_word' id='word_1_22' title='bbox 953 327 1153 360; x_wconf 83' lang='lat' dir='ltr'>vocabatur</span> <span class='ocrx_word' id='word_1_23' title='bbox 1163 326 1286 375; x_wconf 68' lang='lat' dir='ltr'>Sancta</span> <span class='ocrx_word' id='word_1_24' title='bbox 1303 326 1513 368; x_wconf 72' lang='lat' dir='ltr'>Sanctorum,</span> <span class='ocrx_word' id='word_1_25' title='bbox 1531 338 1624 372; x_wconf 88' lang='lat' dir='ltr'>quae</span> <span class='ocrx_word' id='word_1_26' title='bbox 1643 334 1720 360; x_wconf 88' lang='lat' dir='ltr'>erat</span> <span class='ocrx_word' id='word_1_27' title='bbox 1738 337 1796 360; x_wconf 93' lang='lat' dir='ltr'>oc-</span> 
     </span>
     <span class='ocr_line' id='line_1_4' title="bbox 227 378 1795 425; baseline 0.001 -14"><span class='ocrx_word' id='word_1_28' title='bbox 227 378 431 413; x_wconf 85' lang='lat' dir='ltr'>cidentalis:</span> <span class='ocrx_word' id='word_1_29' title='bbox 455 387 489 413; x_wconf 90' lang='lat' dir='ltr'>et</span> <span class='ocrx_word' id='word_1_30' title='bbox 502 379 617 420; x_wconf 75' lang='lat' dir='ltr'>uliam,</span> <span class='ocrx_word' id='word_1_31' title='bbox 635 391 725 425; x_wconf 89' lang='lat' dir='ltr'>quae</span> <span class='ocrx_word' id='word_1_32' title='bbox 744 379 943 413; x_wconf 86' lang='lat' dir='ltr'>vocabatur</span> <span class='ocrx_word' id='word_1_33' title='bbox 955 380 1091 422; x_wconf 70' lang='lat' dir='ltr'>Sancta,</span> <span class='ocrx_word' id='word_1_34' title='bbox 1111 390 1203 425; x_wconf 87' lang='lat' dir='ltr'>quae</span> <span class='ocrx_word' id='word_1_35' title='bbox 1223 387 1298 413; x_wconf 88' lang='lat' dir='ltr'>erat</span> <span class='ocrx_word' id='word_1_36' title='bbox 1318 380 1361 413; x_wconf 86' lang='lat' dir='ltr'>ad</span> <span class='ocrx_word' id='word_1_37' title='bbox 1382 379 1584 414; x_wconf 78' lang='lat' dir='ltr'>Orientem.</span> <span class='ocrx_word' id='word_1_38' title='bbox 1599 380 1644 414; x_wconf 90' lang='lat' dir='ltr'>Et</span> <span class='ocrx_word' id='word_1_39' title='bbox 1661 380 1795 414; x_wconf 88' lang='lat' dir='ltr'>iterum</span> 
     </span>
     <span class='ocr_line' id='line_1_5' title="bbox 227 432 1794 478; baseline 0.001 -13"><span class='ocrx_word' id='word_1_40' title='bbox 227 439 308 466; x_wconf 90' lang='lat' dir='ltr'>ante</span> <span class='ocrx_word' id='word_1_41' title='bbox 321 432 595 465; x_wconf 85' lang='lat' dir='ltr'>tabernaculum</span> <span class='ocrx_word' id='word_1_42' title='bbox 611 443 686 466; x_wconf 89' lang='lat' dir='ltr'>erat</span> <span class='ocrx_word' id='word_1_43' title='bbox 697 433 844 473; x_wconf 81' lang='lat' dir='ltr'>atrium3</span> <span class='ocrx_word' id='word_1_44' title='bbox 859 433 950 466; x_wconf 81' lang='lat' dir='ltr'>haec</span> <span class='ocrx_word' id='word_1_45' title='bbox 964 433 1072 478; x_wconf 80' lang='lat' dir='ltr'>igitur</span> <span class='ocrx_word' id='word_1_46' title='bbox 1083 433 1265 467; x_wconf 88' lang='lat' dir='ltr'>distinctio</span> <span class='ocrx_word' id='word_1_47' title='bbox 1279 432 1462 478; x_wconf 85' lang='lat' dir='ltr'><strong>duplicem</strong></span> <span class='ocrx_word' id='word_1_48' title='bbox 1475 433 1586 467; x_wconf 87' lang='lat' dir='ltr'>habet</span> <span class='ocrx_word' id='word_1_49' title='bbox 1603 433 1794 467; x_wconf 88' lang='lat' dir='ltr'>rationem:</span> 
     </span>
     <span class='ocr_line' id='line_1_6' title="bbox 225 485 1793 531; baseline 0.001 -13"><span class='ocrx_word' id='word_1_50' title='bbox 225 496 329 518; x_wconf 80' lang='lat' dir='ltr'>uuum</span> <span class='ocrx_word' id='word_1_51' title='bbox 351 485 509 530; x_wconf 87' lang='lat' dir='ltr'>quidem,</span> <span class='ocrx_word' id='word_1_52' title='bbox 531 486 733 519; x_wconf 86' lang='lat' dir='ltr'>secundum</span> <span class='ocrx_word' id='word_1_53' title='bbox 752 486 849 531; x_wconf 87' lang='lat' dir='ltr'>quod</span> <span class='ocrx_word' id='word_1_54' title='bbox 876 485 1151 520; x_wconf 79' lang='lat' dir='ltr'>tabernaculum</span> <span class='ocrx_word' id='word_1_55' title='bbox 1179 486 1365 520; x_wconf 88' lang='lat' dir='ltr'>ordinatur</span> <span class='ocrx_word' id='word_1_56' title='bbox 1391 486 1435 520; x_wconf 88' lang='lat' dir='ltr'>ad</span> <span class='ocrx_word' id='word_1_57' title='bbox 1463 486 1602 520; x_wconf 88' lang='lat' dir='ltr'>cultum</span> <span class='ocrx_word' id='word_1_58' title='bbox 1627 486 1714 520; x_wconf 91' lang='lat' dir='ltr'>Dei:</span> <span class='ocrx_word' id='word_1_59' title='bbox 1743 486 1793 520; x_wconf 90' lang='lat' dir='ltr'>sic</span> 
     </span>
     <span class='ocr_line' id='line_1_7' title="bbox 227 539 1797 586; baseline 0.001 -14"><span class='ocrx_word' id='word_1_60' title='bbox 227 539 324 572; x_wconf 90' lang='lat' dir='ltr'>enirn</span> <span class='ocrx_word' id='word_1_61' title='bbox 347 539 510 573; x_wconf 81' lang='lat' dir='ltr'>diversae</span> <span class='ocrx_word' id='word_1_62' title='bbox 534 548 652 585; x_wconf 90' lang='lat' dir='ltr'>partes</span> <span class='ocrx_word' id='word_1_63' title='bbox 675 539 801 573; x_wconf 90' lang='lat' dir='ltr'>mundi</span> <span class='ocrx_word' id='word_1_64' title='bbox 823 540 860 573; x_wconf 89' lang='lat' dir='ltr'>in</span> <span class='ocrx_word' id='word_1_65' title='bbox 883 540 1114 574; x_wconf 86' lang='lat' dir='ltr'>distinctione</span> <span class='ocrx_word' id='word_1_66' title='bbox 1136 539 1361 574; x_wconf 78' lang='lat' dir='ltr'>tabernaculi</span> <span class='ocrx_word' id='word_1_67' title='bbox 1375 539 1590 585; x_wconf 85' lang='lat' dir='ltr'>figurantur:</span> <span class='ocrx_word' id='word_1_68' title='bbox 1609 551 1696 573; x_wconf 88' lang='lat' dir='ltr'>nam</span> <span class='ocrx_word' id='word_1_69' title='bbox 1715 550 1797 586; x_wconf 92' lang='lat' dir='ltr'>pars</span> 
     </span>
     <span class='ocr_line' id='line_1_8' title="bbox 226 591 1800 639; baseline 0.001 -14"><span class='ocrx_word' id='word_1_70' title='bbox 226 591 302 634; x_wconf 87' lang='lat' dir='ltr'>illa,</span> <span class='ocrx_word' id='word_1_71' title='bbox 326 603 418 638; x_wconf 87' lang='lat' dir='ltr'>quae</span> <span class='ocrx_word' id='word_1_72' title='bbox 438 593 560 627; x_wconf 64' lang='lat' dir='ltr'>§cinctu</span> <span class='ocrx_word' id='word_1_73' title='bbox 579 593 778 627; x_wconf 74' lang='lat' dir='ltr'>szctormu</span> <span class='ocrx_word' id='word_1_74' title='bbox 799 593 939 634; x_wconf 86' lang='lat' dir='ltr'>dicitur,</span> <span class='ocrx_word' id='word_1_75' title='bbox 962 593 1140 638; x_wconf 81' lang='lat' dir='ltr'>figurabat</span> <span class='ocrx_word' id='word_1_76' title='bbox 1158 592 1345 627; x_wconf 87' lang='lat' dir='ltr'>saeculum</span> <span class='ocrx_word' id='word_1_77' title='bbox 1368 593 1484 635; x_wconf 82' lang='lat' dir='ltr'>altius,</span> <span class='ocrx_word' id='word_1_78' title='bbox 1507 593 1605 639; x_wconf 90' lang='lat' dir='ltr'>quod</span> <span class='ocrx_word' id='word_1_79' title='bbox 1627 601 1680 627; x_wconf 90' lang='lat' dir='ltr'>est</span> <span class='ocrx_word' id='word_1_80' title='bbox 1701 593 1800 639; x_wconf 89' lang='lat' dir='ltr'>spiri-</span> 
     </span>
     <span class='ocr_line' id='line_1_9' title="bbox 226 645 1797 693; baseline 0.001 -14"><span class='ocrx_word' id='word_1_81' title='bbox 226 645 379 679; x_wconf 87' lang='lat' dir='ltr'>tualium</span> <span class='ocrx_word' id='word_1_82' title='bbox 391 646 681 680; x_wconf 84' lang='lat' dir='ltr'>substantiarum:</span> <span class='ocrx_word' id='word_1_83' title='bbox 695 658 776 693; x_wconf 90' lang='lat' dir='ltr'>pars</span> <span class='ocrx_word' id='word_1_84' title='bbox 791 658 877 681; x_wconf 83' lang='lat' dir='ltr'>vero</span> <span class='ocrx_word' id='word_1_85' title='bbox 893 646 966 689; x_wconf 90' lang='lat' dir='ltr'>illa,</span> <span class='ocrx_word' id='word_1_86' title='bbox 982 659 1073 693; x_wconf 90' lang='lat' dir='ltr'>quae</span> <span class='ocrx_word' id='word_1_87' title='bbox 1085 647 1214 681; x_wconf 88' lang='lat' dir='ltr'>dicitur</span> <span class='ocrx_word' id='word_1_88' title='bbox 1228 648 1360 689; x_wconf 76' lang='lat' dir='ltr'>Sancta,</span> <span class='ocrx_word' id='word_1_89' title='bbox 1377 647 1600 693; x_wconf 78' lang='lat' dir='ltr'>exprimebat</span> <span class='ocrx_word' id='word_1_90' title='bbox 1617 647 1797 681; x_wconf 91' lang='lat' dir='ltr'>mundum</span> 
     </span>
     <span class='ocr_line' id='line_1_10' title="bbox 229 699 1799 747; baseline 0.001 -14"><span class='ocrx_word' id='word_1_91' title='bbox 229 699 470 745; x_wconf 78' lang='lat' dir='ltr'>corporalem,</span> <span class='ocrx_word' id='word_1_92' title='bbox 493 708 528 733; x_wconf 93' lang='lat' dir='ltr'>et</span> <span class='ocrx_word' id='word_1_93' title='bbox 548 700 630 734; x_wconf 88' lang='lat' dir='ltr'>ideo</span> <span class='ocrx_word' id='word_1_94' title='bbox 650 701 771 735; x_wconf 74' lang='lat' dir='ltr'>szctu</span> <span class='ocrx_word' id='word_1_95' title='bbox 794 712 813 734; x_wconf 86' lang='lat' dir='ltr'>a</span> <span class='ocrx_word' id='word_1_96' title='bbox 834 701 964 736; x_wconf 79' lang='lat' dir='ltr'>Sanctis</span> <span class='ocrx_word' id='word_1_97' title='bbox 984 701 1185 735; x_wconf 79' lang='lat' dir='ltr'>Sanctorum</span> <span class='ocrx_word' id='word_1_98' title='bbox 1200 701 1512 746; x_wconf 80' lang='lat' dir='ltr'>distinguebantur</span> <span class='ocrx_word' id='word_1_99' title='bbox 1527 700 1688 747; x_wconf 91' lang='lat' dir='ltr'>quodam</span> <span class='ocrx_word' id='word_1_100' title='bbox 1701 700 1799 743; x_wconf 87' lang='lat' dir='ltr'>velo,</span> 
     </span>
     <span class='ocr_line' id='line_1_11' title="bbox 229 752 1797 801; baseline 0 -14"><span class='ocrx_word' id='word_1_101' title='bbox 229 753 325 799; x_wconf 89' lang='lat' dir='ltr'>quod</span> <span class='ocrx_word' id='word_1_102' title='bbox 337 758 479 799; x_wconf 71' lang='lat' dir='ltr'>quatuor</span> <span class='ocrx_word' id='word_1_103' title='bbox 489 752 671 788; x_wconf 89' lang='lat' dir='ltr'>coloribus</span> <span class='ocrx_word' id='word_1_104' title='bbox 687 762 763 788; x_wconf 87' lang='lat' dir='ltr'>erat</span> <span class='ocrx_word' id='word_1_105' title='bbox 774 755 993 796; x_wconf 87' lang='lat' dir='ltr'>distinctum,</span> <span class='ocrx_word' id='word_1_106' title='bbox 1004 766 1067 801; x_wconf 90' lang='lat' dir='ltr'>per</span> <span class='ocrx_word' id='word_1_107' title='bbox 1081 765 1172 800; x_wconf 88' lang='lat' dir='ltr'>quos</span> <span class='ocrx_word' id='word_1_108' title='bbox 1186 762 1342 800; x_wconf 88' lang='lat' dir='ltr'>quatuor</span> <span class='ocrx_word' id='word_1_109' title='bbox 1357 753 1538 788; x_wconf 91' lang='lat' dir='ltr'>elementa</span> <span class='ocrx_word' id='word_1_110' title='bbox 1552 754 1797 800; x_wconf 73' lang='lat' dir='ltr'>designantur:</span> 
     </span>
     <span class='ocr_line' id='line_1_12' title="bbox 228 805 1799 854; baseline 0 -14"><span class='ocrx_word' id='word_1_111' title='bbox 228 805 368 841; x_wconf 88' lang='lat' dir='ltr'>scilicet</span> <span class='ocrx_word' id='word_1_112' title='bbox 386 808 473 852; x_wconf 69' lang='lat' dir='ltr'>bysso</span> <span class='ocrx_word' id='word_1_113' title='bbox 496 818 559 852; x_wconf 91' lang='lat' dir='ltr'>per</span> <span class='ocrx_word' id='word_1_114' title='bbox 577 807 674 853; x_wconf 88' lang='lat' dir='ltr'>quod</span> <span class='ocrx_word' id='word_1_115' title='bbox 693 807 903 853; x_wconf 86' lang='lat' dir='ltr'>designatur</span> <span class='ocrx_word' id='word_1_116' title='bbox 921 816 1031 842; x_wconf 86' lang='lat' dir='ltr'>terra:</span> <span class='ocrx_word' id='word_1_117' title='bbox 1052 808 1135 854; x_wconf 88' lang='lat' dir='ltr'>quia</span> <span class='ocrx_word' id='word_1_118' title='bbox 1156 808 1296 854; x_wconf 82' lang='lat' dir='ltr'>byssus,</span> <span class='ocrx_word' id='word_1_119' title='bbox 1310 808 1403 842; x_wconf 91' lang='lat' dir='ltr'>idest</span> <span class='ocrx_word' id='word_1_120' title='bbox 1415 807 1544 850; x_wconf 90' lang='lat' dir='ltr'>linum,</span> <span class='ocrx_word' id='word_1_121' title='bbox 1566 808 1610 842; x_wconf 90' lang='lat' dir='ltr'>de</span> <span class='ocrx_word' id='word_1_122' title='bbox 1628 815 1723 842; x_wconf 90' lang='lat' dir='ltr'>terra</span> <span class='ocrx_word' id='word_1_123' title='bbox 1736 819 1799 841; x_wconf 88' lang='lat' dir='ltr'>na-</span> 
     </span>
     <span class='ocr_line' id='line_1_13' title="bbox 228 861 1799 908; baseline 0.001 -14"><span class='ocrx_word' id='word_1_124' title='bbox 228 861 354 895; x_wconf 84' lang='lat' dir='ltr'>scitur:</span> <span class='ocrx_word' id='word_1_125' title='bbox 374 867 543 907; x_wconf 76' lang='lat' dir='ltr'>purpuru,</span> <span class='ocrx_word' id='word_1_126' title='bbox 566 872 629 906; x_wconf 89' lang='lat' dir='ltr'>per</span> <span class='ocrx_word' id='word_1_127' title='bbox 651 872 761 907; x_wconf 88' lang='lat' dir='ltr'>quam</span> <span class='ocrx_word' id='word_1_128' title='bbox 783 861 1006 907; x_wconf 86' lang='lat' dir='ltr'>significatur</span> <span class='ocrx_word' id='word_1_129' title='bbox 1029 873 1140 908; x_wconf 90' lang='lat' dir='ltr'>aqua:</span> <span class='ocrx_word' id='word_1_130' title='bbox 1164 861 1272 896; x_wconf 87' lang='lat' dir='ltr'>fiebat</span> <span class='ocrx_word' id='word_1_131' title='bbox 1293 862 1391 895; x_wconf 91' lang='lat' dir='ltr'>enim</span> <span class='ocrx_word' id='word_1_132' title='bbox 1413 872 1613 908; x_wconf 89' lang='lat' dir='ltr'>purpureus</span> <span class='ocrx_word' id='word_1_133' title='bbox 1636 861 1740 895; x_wconf 91' lang='lat' dir='ltr'>color</span> <span class='ocrx_word' id='word_1_134' title='bbox 1755 872 1799 895; x_wconf 80' lang='lat' dir='ltr'>ex</span> 
     </span>
     <span class='ocr_line' id='line_1_14' title="bbox 228 914 1799 961; baseline 0 -13"><span class='ocrx_word' id='word_1_135' title='bbox 228 914 443 961; x_wconf 86' lang='lat' dir='ltr'>quibusdam</span> <span class='ocrx_word' id='word_1_136' title='bbox 466 915 629 957; x_wconf 82' lang='lat' dir='ltr'>conchis,</span> <span class='ocrx_word' id='word_1_137' title='bbox 651 926 742 960; x_wconf 87' lang='lat' dir='ltr'>quae</span> <span class='ocrx_word' id='word_1_138' title='bbox 770 915 1002 949; x_wconf 84' lang='lat' dir='ltr'>inveniuntur</span> <span class='ocrx_word' id='word_1_139' title='bbox 1023 916 1059 949; x_wconf 88' lang='lat' dir='ltr'>in</span> <span class='ocrx_word' id='word_1_140' title='bbox 1086 915 1196 949; x_wconf 87' lang='lat' dir='ltr'>mari:</span> <span class='ocrx_word' id='word_1_141' title='bbox 1224 915 1412 961; x_wconf 76' lang='lat' dir='ltr'>hyacintho,</span> <span class='ocrx_word' id='word_1_142' title='bbox 1440 926 1503 961; x_wconf 89' lang='lat' dir='ltr'>per</span> <span class='ocrx_word' id='word_1_143' title='bbox 1529 926 1639 961; x_wconf 90' lang='lat' dir='ltr'>quem</span> <span class='ocrx_word' id='word_1_144' title='bbox 1666 914 1799 961; x_wconf 86' lang='lat' dir='ltr'>signifi-</span> 
     </span>
     <span class='ocr_line' id='line_1_15' title="bbox 229 968 1800 1015; baseline 0 -14"><span class='ocrx_word' id='word_1_145' title='bbox 229 976 330 1002; x_wconf 89' lang='lat' dir='ltr'>catur</span> <span class='ocrx_word' id='word_1_146' title='bbox 344 979 421 1010; x_wconf 90' lang='lat' dir='ltr'>aer;</span> <span class='ocrx_word' id='word_1_147' title='bbox 444 968 527 1014; x_wconf 84' lang='lat' dir='ltr'>quia</span> <span class='ocrx_word' id='word_1_148' title='bbox 541 968 650 1002; x_wconf 86' lang='lat' dir='ltr'>habet</span> <span class='ocrx_word' id='word_1_149' title='bbox 665 980 811 1003; x_wconf 86' lang='lat' dir='ltr'>aereum</span> <span class='ocrx_word' id='word_1_150' title='bbox 827 969 1011 1003; x_wconf 88' lang='lat' dir='ltr'>colorem:</span> <span class='ocrx_word' id='word_1_151' title='bbox 1029 977 1064 1003; x_wconf 90' lang='lat' dir='ltr'>et</span> <span class='ocrx_word' id='word_1_152' title='bbox 1082 981 1176 1004; x_wconf 81' lang='lat' dir='ltr'>cocco</span> <span class='ocrx_word' id='word_1_153' title='bbox 1196 970 1243 1003; x_wconf 78' lang='lat' dir='ltr'>bis</span> <span class='ocrx_word' id='word_1_154' title='bbox 1257 970 1369 1011; x_wconf 78' lang='lat' dir='ltr'>tincto,</span> <span class='ocrx_word' id='word_1_155' title='bbox 1384 980 1447 1015; x_wconf 88' lang='lat' dir='ltr'>per</span> <span class='ocrx_word' id='word_1_156' title='bbox 1465 980 1576 1014; x_wconf 91' lang='lat' dir='ltr'>quem</span> <span class='ocrx_word' id='word_1_157' title='bbox 1591 968 1800 1014; x_wconf 86' lang='lat' dir='ltr'>designatur</span> 
     </span>
     <span class='ocr_line' id='line_1_16' title="bbox 227 1022 1798 1068; baseline 0 -13"><span class='ocrx_word' id='word_1_158' title='bbox 227 1023 339 1068; x_wconf 84' lang='lat' dir='ltr'>ignis:</span> <span class='ocrx_word' id='word_1_159' title='bbox 363 1029 397 1055; x_wconf 89' lang='lat' dir='ltr'>et</span> <span class='ocrx_word' id='word_1_160' title='bbox 422 1022 493 1055; x_wconf 91' lang='lat' dir='ltr'>hoc</span> <span class='ocrx_word' id='word_1_161' title='bbox 516 1022 610 1064; x_wconf 87' lang='lat' dir='ltr'>ideo,</span> <span class='ocrx_word' id='word_1_162' title='bbox 633 1022 716 1068; x_wconf 89' lang='lat' dir='ltr'>quia</span> <span class='ocrx_word' id='word_1_163' title='bbox 744 1023 895 1056; x_wconf 87' lang='lat' dir='ltr'>materia</span> <span class='ocrx_word' id='word_1_164' title='bbox 922 1031 1078 1068; x_wconf 86' lang='lat' dir='ltr'>quatuor</span> <span class='ocrx_word' id='word_1_165' title='bbox 1106 1022 1374 1056; x_wconf 86' lang='lat' dir='ltr'>elementorum</span> <span class='ocrx_word' id='word_1_166' title='bbox 1401 1029 1455 1056; x_wconf 91' lang='lat' dir='ltr'>est</span> <span class='ocrx_word' id='word_1_167' title='bbox 1479 1022 1798 1068; x_wconf 82' lang='lat' dir='ltr'>impedimentum,</span> 
     </span>
     <span class='ocr_line' id='line_1_17' title="bbox 228 1075 1801 1122; baseline 0 -13"><span class='ocrx_word' id='word_1_168' title='bbox 228 1087 291 1122; x_wconf 90' lang='lat' dir='ltr'>per</span> <span class='ocrx_word' id='word_1_169' title='bbox 312 1076 408 1121; x_wconf 87' lang='lat' dir='ltr'>quod</span> <span class='ocrx_word' id='word_1_170' title='bbox 431 1075 597 1109; x_wconf 85' lang='lat' dir='ltr'>velantur</span> <span class='ocrx_word' id='word_1_171' title='bbox 617 1076 722 1110; x_wconf 90' lang='lat' dir='ltr'>nobis</span> <span class='ocrx_word' id='word_1_172' title='bbox 748 1076 997 1122; x_wconf 84' lang='lat' dir='ltr'>incorporales</span> <span class='ocrx_word' id='word_1_173' title='bbox 1024 1077 1264 1119; x_wconf 80' lang='lat' dir='ltr'>substantiae3</span> <span class='ocrx_word' id='word_1_174' title='bbox 1292 1084 1327 1110; x_wconf 93' lang='lat' dir='ltr'>et</span> <span class='ocrx_word' id='word_1_175' title='bbox 1352 1076 1435 1110; x_wconf 89' lang='lat' dir='ltr'>ideo</span> <span class='ocrx_word' id='word_1_176' title='bbox 1457 1076 1494 1110; x_wconf 86' lang='lat' dir='ltr'>in</span> <span class='ocrx_word' id='word_1_177' title='bbox 1515 1076 1665 1110; x_wconf 89' lang='lat' dir='ltr'>interius</span> <span class='ocrx_word' id='word_1_178' title='bbox 1686 1075 1801 1110; x_wconf 87' lang='lat' dir='ltr'>taber-</span> 
     </span>
     <span class='ocr_line' id='line_1_18' title="bbox 228 1128 1799 1176; baseline 0 -13"><span class='ocrx_word' id='word_1_179' title='bbox 228 1129 402 1164; x_wconf 88' lang='lat' dir='ltr'>naculum</span> <span class='ocrx_word' id='word_1_180' title='bbox 427 1129 488 1174; x_wconf 90' lang='lat' dir='ltr'>[al.</span> <span class='ocrx_word' id='word_1_181' title='bbox 511 1134 538 1164; x_wconf 81' lang='lat' dir='ltr'>et</span> <span class='ocrx_word' id='word_1_182' title='bbox 563 1128 633 1164; x_wconf 64' lang='lat' dir='ltr'>&#39;ideo</span> <span class='ocrx_word' id='word_1_183' title='bbox 655 1131 734 1176; x_wconf 81' lang='lat' dir='ltr'>quia</span> <span class='ocrx_word' id='word_1_184' title='bbox 756 1132 899 1165; x_wconf 62' lang='lat' dir='ltr'>materia</span> <span class='ocrx_word' id='word_1_185' title='bbox 926 1135 1071 1176; x_wconf 75' lang='lat' dir='ltr'>qmztuor</span> <span class='ocrx_word' id='word_1_186' title='bbox 1103 1131 1334 1165; x_wconf 64' lang='lat' dir='ltr'>elementorum</span> <span class='ocrx_word' id='word_1_187' title='bbox 1360 1135 1405 1164; x_wconf 79' lang='lat' dir='ltr'>est</span> <span class='ocrx_word' id='word_1_188' title='bbox 1430 1129 1711 1176; x_wconf 68' lang='lat' dir='ltr'>impedimentum,</span> <span class='ocrx_word' id='word_1_189' title='bbox 1735 1136 1799 1176; x_wconf 77' lang='lat' dir='ltr'>per</span> 
     </span>
     <span class='ocr_line' id='line_1_19' title="bbox 228 1183 1800 1229; baseline -0.001 -12"><span class='ocrx_word' id='word_1_190' title='bbox 228 1183 313 1229; x_wconf 74' lang='lat' dir='ltr'>quod</span> <span class='ocrx_word' id='word_1_191' title='bbox 326 1183 583 1218; x_wconf 73' lang='lat' dir='ltr'>wluuturnobis</span> <span class='ocrx_word' id='word_1_192' title='bbox 597 1183 782 1229; x_wconf 56' lang='lat' dir='ltr'>spirituales</span> <span class='ocrx_word' id='word_1_193' title='bbox 799 1185 1011 1226; x_wconf 66' lang='lat' dir='ltr'>substantiae,</span> <span class='ocrx_word' id='word_1_194' title='bbox 1028 1185 1061 1218; x_wconf 79' lang='lat' dir='ltr'>in</span> <span class='ocrx_word' id='word_1_195' title='bbox 1075 1185 1214 1219; x_wconf 69' lang='lat' dir='ltr'>interius</span> <span class='ocrx_word' id='word_1_196' title='bbox 1229 1184 1507 1229; x_wconf 72' lang='lat' dir='ltr'>tubernaculum],</span> <span class='ocrx_word' id='word_1_197' title='bbox 1523 1184 1614 1217; x_wconf 91' lang='lat' dir='ltr'>idest</span> <span class='ocrx_word' id='word_1_198' title='bbox 1626 1184 1662 1217; x_wconf 90' lang='lat' dir='ltr'>in</span> <span class='ocrx_word' id='word_1_199' title='bbox 1679 1183 1800 1218; x_wconf 73' lang='lat' dir='ltr'>Sancta</span> 
     </span>
     <span class='ocr_line' id='line_1_20' title="bbox 228 1236 1800 1283; baseline -0.001 -11"><span class='ocrx_word' id='word_1_200' title='bbox 228 1238 440 1278; x_wconf 67' lang='lat' dir='ltr'>Sanctorum,</span> <span class='ocrx_word' id='word_1_201' title='bbox 461 1236 560 1271; x_wconf 89' lang='lat' dir='ltr'>solus</span> <span class='ocrx_word' id='word_1_202' title='bbox 582 1248 747 1271; x_wconf 88' lang='lat' dir='ltr'>summus</span> <span class='ocrx_word' id='word_1_203' title='bbox 770 1237 961 1280; x_wconf 79' lang='lat' dir='ltr'>Sacerdos,</span> <span class='ocrx_word' id='word_1_204' title='bbox 985 1246 1019 1272; x_wconf 88' lang='lat' dir='ltr'>et</span> <span class='ocrx_word' id='word_1_205' title='bbox 1041 1237 1154 1272; x_wconf 85' lang='lat' dir='ltr'>semel</span> <span class='ocrx_word' id='word_1_206' title='bbox 1175 1238 1211 1271; x_wconf 87' lang='lat' dir='ltr'>in</span> <span class='ocrx_word' id='word_1_207' title='bbox 1235 1249 1331 1272; x_wconf 85' lang='lat' dir='ltr'>anno</span> <span class='ocrx_word' id='word_1_208' title='bbox 1358 1237 1545 1279; x_wconf 83' lang='lat' dir='ltr'>introibat3</span> <span class='ocrx_word' id='word_1_209' title='bbox 1571 1244 1610 1271; x_wconf 89' lang='lat' dir='ltr'>ut</span> <span class='ocrx_word' id='word_1_210' title='bbox 1636 1237 1800 1283; x_wconf 89' lang='lat' dir='ltr'>designa-</span> 
     </span>
     <span class='ocr_line' id='line_1_21' title="bbox 227 1290 1800 1337; baseline -0.001 -12"><span class='ocrx_word' id='word_1_211' title='bbox 227 1299 325 1326; x_wconf 86' lang='lat' dir='ltr'>retur</span> <span class='ocrx_word' id='word_1_212' title='bbox 347 1291 443 1337; x_wconf 90' lang='lat' dir='ltr'>quod</span> <span class='ocrx_word' id='word_1_213' title='bbox 470 1291 561 1325; x_wconf 89' lang='lat' dir='ltr'>haec</span> <span class='ocrx_word' id='word_1_214' title='bbox 584 1299 636 1325; x_wconf 87' lang='lat' dir='ltr'>est</span> <span class='ocrx_word' id='word_1_215' title='bbox 658 1291 774 1325; x_wconf 87' lang='lat' dir='ltr'>finalis</span> <span class='ocrx_word' id='word_1_216' title='bbox 796 1291 971 1337; x_wconf 84' lang='lat' dir='ltr'>perfectio</span> <span class='ocrx_word' id='word_1_217' title='bbox 993 1291 1168 1333; x_wconf 83' lang='lat' dir='ltr'>hominis,</span> <span class='ocrx_word' id='word_1_218' title='bbox 1190 1299 1229 1326; x_wconf 89' lang='lat' dir='ltr'>ut</span> <span class='ocrx_word' id='word_1_219' title='bbox 1251 1291 1295 1325; x_wconf 86' lang='lat' dir='ltr'>ad</span> <span class='ocrx_word' id='word_1_220' title='bbox 1312 1291 1401 1326; x_wconf 90' lang='lat' dir='ltr'>illud</span> <span class='ocrx_word' id='word_1_221' title='bbox 1428 1290 1616 1325; x_wconf 87' lang='lat' dir='ltr'>saeculum</span> <span class='ocrx_word' id='word_1_222' title='bbox 1638 1290 1800 1324; x_wconf 90' lang='lat' dir='ltr'>introdu-</span> 
     </span>
     <span class='ocr_line' id='line_1_22' title="bbox 231 1344 1800 1387; baseline -0.001 -8"><span class='ocrx_word' id='word_1_223' title='bbox 231 1353 350 1380; x_wconf 81' lang='lat' dir='ltr'>catur:</span> <span class='ocrx_word' id='word_1_224' title='bbox 373 1345 409 1378; x_wconf 91' lang='lat' dir='ltr'>in</span> <span class='ocrx_word' id='word_1_225' title='bbox 431 1345 708 1378; x_wconf 86' lang='lat' dir='ltr'>tabernaculum</span> <span class='ocrx_word' id='word_1_226' title='bbox 728 1356 816 1379; x_wconf 87' lang='lat' dir='ltr'>vero</span> <span class='ocrx_word' id='word_1_227' title='bbox 839 1345 1006 1387; x_wconf 83' lang='lat' dir='ltr'>exterius,</span> <span class='ocrx_word' id='word_1_228' title='bbox 1034 1346 1126 1380; x_wconf 87' lang='lat' dir='ltr'>idest</span> <span class='ocrx_word' id='word_1_229' title='bbox 1147 1345 1183 1379; x_wconf 89' lang='lat' dir='ltr'>in</span> <span class='ocrx_word' id='word_1_230' title='bbox 1207 1346 1341 1387; x_wconf 78' lang='lat' dir='ltr'>Sancta,</span> <span class='ocrx_word' id='word_1_231' title='bbox 1364 1345 1560 1379; x_wconf 83' lang='lat' dir='ltr'>introibant</span> <span class='ocrx_word' id='word_1_232' title='bbox 1582 1344 1800 1378; x_wconf 87' lang='lat' dir='ltr'>Sacerdotes</span> 
     </span>
     <span class='ocr_line' id='line_1_23' title="bbox 230 1397 1803 1445; baseline -0.001 -13"><span class='ocrx_word' id='word_1_233' title='bbox 230 1399 402 1445; x_wconf 86' lang='lat' dir='ltr'>quotidie,</span> <span class='ocrx_word' id='word_1_234' title='bbox 425 1409 499 1432; x_wconf 91' lang='lat' dir='ltr'>non</span> <span class='ocrx_word' id='word_1_235' title='bbox 523 1407 644 1432; x_wconf 89' lang='lat' dir='ltr'>autem</span> <span class='ocrx_word' id='word_1_236' title='bbox 666 1398 833 1445; x_wconf 78' lang='lat' dir='ltr'>populus,</span> <span class='ocrx_word' id='word_1_237' title='bbox 856 1400 916 1445; x_wconf 90' lang='lat' dir='ltr'>qui</span> <span class='ocrx_word' id='word_1_238' title='bbox 935 1399 1055 1433; x_wconf 92' lang='lat' dir='ltr'>solum</span> <span class='ocrx_word' id='word_1_239' title='bbox 1079 1399 1122 1433; x_wconf 90' lang='lat' dir='ltr'>ad</span> <span class='ocrx_word' id='word_1_240' title='bbox 1142 1399 1273 1433; x_wconf 85' lang='lat' dir='ltr'>atrium</span> <span class='ocrx_word' id='word_1_241' title='bbox 1293 1398 1505 1433; x_wconf 85' lang='lat' dir='ltr'>accedebat:</span> <span class='ocrx_word' id='word_1_242' title='bbox 1529 1397 1612 1444; x_wconf 89' lang='lat' dir='ltr'>quia</span> <span class='ocrx_word' id='word_1_243' title='bbox 1630 1397 1707 1444; x_wconf 91' lang='lat' dir='ltr'>ipsa</span> <span class='ocrx_word' id='word_1_244' title='bbox 1727 1408 1803 1431; x_wconf 93' lang='lat' dir='ltr'>cor-</span> 
     </span>
     <span class='ocr_line' id='line_1_24' title="bbox 231 1451 1802 1499; baseline -0.001 -13"><span class='ocrx_word' id='word_1_245' title='bbox 231 1453 368 1499; x_wconf 89' lang='lat' dir='ltr'>poralia</span> <span class='ocrx_word' id='word_1_246' title='bbox 390 1452 545 1498; x_wconf 86' lang='lat' dir='ltr'>populus</span> <span class='ocrx_word' id='word_1_247' title='bbox 568 1454 751 1498; x_wconf 84' lang='lat' dir='ltr'>percipere</span> <span class='ocrx_word' id='word_1_248' title='bbox 766 1461 903 1499; x_wconf 85' lang='lat' dir='ltr'>potest:</span> <span class='ocrx_word' id='word_1_249' title='bbox 925 1454 968 1487; x_wconf 85' lang='lat' dir='ltr'>ad</span> <span class='ocrx_word' id='word_1_250' title='bbox 991 1453 1179 1487; x_wconf 88' lang='lat' dir='ltr'>interiores</span> <span class='ocrx_word' id='word_1_251' title='bbox 1195 1461 1316 1487; x_wconf 82' lang='lat' dir='ltr'>autem</span> <span class='ocrx_word' id='word_1_252' title='bbox 1335 1463 1464 1486; x_wconf 89' lang='lat' dir='ltr'>eorum</span> <span class='ocrx_word' id='word_1_253' title='bbox 1482 1452 1641 1486; x_wconf 88' lang='lat' dir='ltr'>rationes</span> <span class='ocrx_word' id='word_1_254' title='bbox 1662 1451 1732 1485; x_wconf 89' lang='lat' dir='ltr'>soli</span> <span class='ocrx_word' id='word_1_255' title='bbox 1750 1462 1802 1485; x_wconf 86' lang='lat' dir='ltr'>sa-</span> 
     </span>
     <span class='ocr_line' id='line_1_25' title="bbox 230 1505 1800 1553; baseline -0.001 -13"><span class='ocrx_word' id='word_1_256' title='bbox 230 1507 369 1553; x_wconf 88' lang='lat' dir='ltr'>pientes</span> <span class='ocrx_word' id='word_1_257' title='bbox 389 1506 451 1551; x_wconf 89' lang='lat' dir='ltr'>[al.</span> <span class='ocrx_word' id='word_1_258' title='bbox 469 1507 660 1551; x_wconf 66' lang='lat' dir='ltr'>sacerdotes]</span> <span class='ocrx_word' id='word_1_259' title='bbox 689 1518 752 1552; x_wconf 88' lang='lat' dir='ltr'>per</span> <span class='ocrx_word' id='word_1_260' title='bbox 770 1507 1102 1541; x_wconf 80' lang='lat' dir='ltr'>considerationem</span> <span class='ocrx_word' id='word_1_261' title='bbox 1118 1507 1293 1552; x_wconf 87' lang='lat' dir='ltr'>attingere</span> <span class='ocrx_word' id='word_1_262' title='bbox 1307 1513 1469 1553; x_wconf 89' lang='lat' dir='ltr'>possunt.</span> <span class='ocrx_word' id='word_1_263' title='bbox 1486 1505 1695 1540; x_wconf 90' lang='lat' dir='ltr'>Secundum</span> <span class='ocrx_word' id='word_1_264' title='bbox 1711 1515 1800 1539; x_wconf 83' lang='lat' dir='ltr'>vero</span> 
     </span>
     <span class='ocr_line' id='line_1_26' title="bbox 229 1558 1802 1606; baseline -0.001 -13"><span class='ocrx_word' id='word_1_265' title='bbox 229 1560 411 1594; x_wconf 87' lang='lat' dir='ltr'>rationem</span> <span class='ocrx_word' id='word_1_266' title='bbox 433 1559 634 1606; x_wconf 86' lang='lat' dir='ltr'>figuralem,</span> <span class='ocrx_word' id='word_1_267' title='bbox 662 1572 725 1605; x_wconf 89' lang='lat' dir='ltr'>per</span> <span class='ocrx_word' id='word_1_268' title='bbox 747 1560 901 1594; x_wconf 75' lang='lat' dir='ltr'>exterius</span> <span class='ocrx_word' id='word_1_269' title='bbox 927 1560 1214 1602; x_wconf 85' lang='lat' dir='ltr'>tabernaculum,</span> <span class='ocrx_word' id='word_1_270' title='bbox 1237 1560 1334 1606; x_wconf 89' lang='lat' dir='ltr'>quod</span> <span class='ocrx_word' id='word_1_271' title='bbox 1356 1560 1486 1594; x_wconf 88' lang='lat' dir='ltr'>dicitur</span> <span class='ocrx_word' id='word_1_272' title='bbox 1511 1560 1646 1601; x_wconf 80' lang='lat' dir='ltr'>Sancta,</span> <span class='ocrx_word' id='word_1_273' title='bbox 1670 1558 1802 1605; x_wconf 85' lang='lat' dir='ltr'>signifi-</span> 
     </span>
     <span class='ocr_line' id='line_1_27' title="bbox 233 1612 1803 1660; baseline -0.001 -13"><span class='ocrx_word' id='word_1_274' title='bbox 233 1622 332 1648; x_wconf 85' lang='lat' dir='ltr'>catur</span> <span class='ocrx_word' id='word_1_275' title='bbox 354 1621 466 1648; x_wconf 86' lang='lat' dir='ltr'>status</span> <span class='ocrx_word' id='word_1_276' title='bbox 487 1614 617 1648; x_wconf 84' lang='lat' dir='ltr'>veteris</span> <span class='ocrx_word' id='word_1_277' title='bbox 639 1613 742 1660; x_wconf 86' lang='lat' dir='ltr'>legis,</span> <span class='ocrx_word' id='word_1_278' title='bbox 765 1622 803 1648; x_wconf 90' lang='lat' dir='ltr'>ut</span> <span class='ocrx_word' id='word_1_279' title='bbox 824 1614 1024 1660; x_wconf 86' lang='lat' dir='ltr'>Apostolus</span> <span class='ocrx_word' id='word_1_280' title='bbox 1048 1614 1132 1648; x_wconf 87' lang='lat' dir='ltr'>dicit</span> <span class='ocrx_word' id='word_1_281' title='bbox 1155 1615 1198 1647; x_wconf 89' lang='lat' dir='ltr'>ad</span> <span class='ocrx_word' id='word_1_282' title='bbox 1221 1614 1329 1648; x_wconf 90' lang='lat' dir='ltr'>Hebr.</span> <span class='ocrx_word' id='word_1_283' title='bbox 1350 1624 1395 1660; x_wconf 88' lang='lat'>9.,</span> <span class='ocrx_word' id='word_1_284' title='bbox 1411 1613 1495 1660; x_wconf 89' lang='lat' dir='ltr'>quia</span> <span class='ocrx_word' id='word_1_285' title='bbox 1516 1613 1553 1647; x_wconf 91' lang='lat' dir='ltr'>in</span> <span class='ocrx_word' id='word_1_286' title='bbox 1580 1612 1668 1646; x_wconf 90' lang='lat' dir='ltr'>illud</span> <span class='ocrx_word' id='word_1_287' title='bbox 1689 1613 1803 1646; x_wconf 88' lang='lat' dir='ltr'>taber-</span> 
     </span>
     <span class='ocr_line' id='line_1_28' title="bbox 230 1666 1800 1714; baseline -0.001 -12"><span class='ocrx_word' id='word_1_288' title='bbox 230 1668 403 1702; x_wconf 88' lang='lat' dir='ltr'>naculum</span> <span class='ocrx_word' id='word_1_289' title='bbox 425 1679 568 1714; x_wconf 85' lang='lat' dir='ltr'>semper</span> <span class='ocrx_word' id='word_1_290' title='bbox 589 1668 785 1702; x_wconf 83' lang='lat' dir='ltr'>introibant</span> <span class='ocrx_word' id='word_1_291' title='bbox 808 1668 1025 1702; x_wconf 81' lang='lat' dir='ltr'>Sacerdotes</span> <span class='ocrx_word' id='word_1_292' title='bbox 1048 1667 1322 1702; x_wconf 85' lang='lat' dir='ltr'>Sacrificiorum</span> <span class='ocrx_word' id='word_1_293' title='bbox 1344 1666 1464 1701; x_wconf 87' lang='lat' dir='ltr'>officia</span> <span class='ocrx_word' id='word_1_294' title='bbox 1483 1674 1800 1701; x_wconf 86' lang='lat' dir='ltr'>consummantes:</span> 
     </span>
     <span class='ocr_line' id='line_1_29' title="bbox 229 1719 1802 1768; baseline -0.001 -13"><span class='ocrx_word' id='word_1_295' title='bbox 229 1734 292 1768; x_wconf 91' lang='lat' dir='ltr'>per</span> <span class='ocrx_word' id='word_1_296' title='bbox 310 1721 458 1756; x_wconf 88' lang='lat' dir='ltr'>interius</span> <span class='ocrx_word' id='word_1_297' title='bbox 477 1733 564 1755; x_wconf 83' lang='lat' dir='ltr'>vero</span> <span class='ocrx_word' id='word_1_298' title='bbox 579 1721 866 1764; x_wconf 87' lang='lat' dir='ltr'>tabernaculum,</span> <span class='ocrx_word' id='word_1_299' title='bbox 881 1722 978 1768; x_wconf 88' lang='lat' dir='ltr'>quod</span> <span class='ocrx_word' id='word_1_300' title='bbox 994 1721 1125 1755; x_wconf 89' lang='lat' dir='ltr'>dicitur</span> <span class='ocrx_word' id='word_1_301' title='bbox 1142 1722 1264 1756; x_wconf 78' lang='lat' dir='ltr'>Sancta</span> <span class='ocrx_word' id='word_1_302' title='bbox 1277 1721 1491 1763; x_wconf 72' lang='lat' dir='ltr'>Sanctorum,</span> <span class='ocrx_word' id='word_1_303' title='bbox 1503 1720 1726 1766; x_wconf 86' lang='lat' dir='ltr'>significatur</span> <span class='ocrx_word' id='word_1_304' title='bbox 1743 1719 1802 1754; x_wconf 88' lang='lat' dir='ltr'>vel</span> 
     </span>
     <span class='ocr_line' id='line_1_30' title="bbox 229 1773 1802 1822; baseline -0.001 -13"><span class='ocrx_word' id='word_1_305' title='bbox 229 1775 396 1810; x_wconf 86' lang='lat' dir='ltr'>coelestis</span> <span class='ocrx_word' id='word_1_306' title='bbox 419 1775 546 1821; x_wconf 87' lang='lat' dir='ltr'>gloria,</span> <span class='ocrx_word' id='word_1_307' title='bbox 568 1775 626 1808; x_wconf 79' lang='lat' dir='ltr'>vel</span> <span class='ocrx_word' id='word_1_308' title='bbox 649 1775 759 1809; x_wconf 88' lang='lat' dir='ltr'>etiam</span> <span class='ocrx_word' id='word_1_309' title='bbox 782 1783 893 1809; x_wconf 87' lang='lat' dir='ltr'>status</span> <span class='ocrx_word' id='word_1_310' title='bbox 916 1775 1110 1822; x_wconf 86' lang='lat' dir='ltr'>spiritualis</span> <span class='ocrx_word' id='word_1_311' title='bbox 1133 1786 1251 1809; x_wconf 88' lang='lat' dir='ltr'>novae</span> <span class='ocrx_word' id='word_1_312' title='bbox 1273 1774 1375 1821; x_wconf 86' lang='lat' dir='ltr'>legis,</span> <span class='ocrx_word' id='word_1_313' title='bbox 1398 1775 1459 1821; x_wconf 90' lang='lat' dir='ltr'>qui</span> <span class='ocrx_word' id='word_1_314' title='bbox 1480 1782 1533 1809; x_wconf 87' lang='lat' dir='ltr'>est</span> <span class='ocrx_word' id='word_1_315' title='bbox 1550 1774 1730 1821; x_wconf 85' lang='lat' dir='ltr'>quaedam</span> <span class='ocrx_word' id='word_1_316' title='bbox 1751 1773 1802 1807; x_wconf 90' lang='lat' dir='ltr'>in-</span> 
     </span>
     <span class='ocr_line' id='line_1_31' title="bbox 228 1828 1800 1876; baseline -0.001 -13"><span class='ocrx_word' id='word_1_317' title='bbox 228 1830 375 1864; x_wconf 76' lang='lat' dir='ltr'>choatio</span> <span class='ocrx_word' id='word_1_318' title='bbox 396 1828 536 1864; x_wconf 84' lang='lat' dir='ltr'>futurae</span> <span class='ocrx_word' id='word_1_319' title='bbox 559 1829 715 1875; x_wconf 67' lang='lat' dir='ltr'>gloriaeg</span> <span class='ocrx_word' id='word_1_320' title='bbox 738 1831 773 1863; x_wconf 93' lang='lat' dir='ltr'>in</span> <span class='ocrx_word' id='word_1_321' title='bbox 796 1841 904 1876; x_wconf 89' lang='lat' dir='ltr'>quem</span> <span class='ocrx_word' id='word_1_322' title='bbox 927 1838 1060 1863; x_wconf 86' lang='lat' dir='ltr'>statum</span> <span class='ocrx_word' id='word_1_323' title='bbox 1083 1841 1150 1864; x_wconf 88' lang='lat' dir='ltr'>nos</span> <span class='ocrx_word' id='word_1_324' title='bbox 1174 1829 1341 1864; x_wconf 86' lang='lat' dir='ltr'>Christus</span> <span class='ocrx_word' id='word_1_325' title='bbox 1359 1828 1574 1864; x_wconf 81' lang='lat' dir='ltr'>introduxit:</span> <span class='ocrx_word' id='word_1_326' title='bbox 1597 1828 1694 1875; x_wconf 90' lang='lat' dir='ltr'>quod</span> <span class='ocrx_word' id='word_1_327' title='bbox 1713 1828 1800 1874; x_wconf 89' lang='lat' dir='ltr'>figu-</span> 
     </span>
     <span class='ocr_line' id='line_1_32' title="bbox 229 1881 1802 1930; baseline -0.001 -13"><span class='ocrx_word' id='word_1_328' title='bbox 229 1884 374 1917; x_wconf 87' lang='lat' dir='ltr'>rabatur</span> <span class='ocrx_word' id='word_1_329' title='bbox 399 1895 462 1929; x_wconf 90' lang='lat' dir='ltr'>per</span> <span class='ocrx_word' id='word_1_330' title='bbox 488 1883 572 1925; x_wconf 85' lang='lat' dir='ltr'>hoc,</span> <span class='ocrx_word' id='word_1_331' title='bbox 603 1884 700 1930; x_wconf 90' lang='lat' dir='ltr'>quod</span> <span class='ocrx_word' id='word_1_332' title='bbox 734 1895 899 1918; x_wconf 88' lang='lat' dir='ltr'>summus</span> <span class='ocrx_word' id='word_1_333' title='bbox 931 1883 1111 1917; x_wconf 82' lang='lat' dir='ltr'>Sacerdos</span> <span class='ocrx_word' id='word_1_334' title='bbox 1139 1883 1254 1917; x_wconf 89' lang='lat' dir='ltr'>semel</span> <span class='ocrx_word' id='word_1_335' title='bbox 1282 1883 1319 1916; x_wconf 90' lang='lat' dir='ltr'>in</span> <span class='ocrx_word' id='word_1_336' title='bbox 1350 1893 1445 1917; x_wconf 89' lang='lat' dir='ltr'>anno</span> <span class='ocrx_word' id='word_1_337' title='bbox 1473 1882 1572 1916; x_wconf 92' lang='lat' dir='ltr'>solus</span> <span class='ocrx_word' id='word_1_338' title='bbox 1602 1882 1638 1916; x_wconf 88' lang='lat' dir='ltr'>in</span> <span class='ocrx_word' id='word_1_339' title='bbox 1668 1881 1802 1916; x_wconf 87' lang='lat' dir='ltr'>Sancta</span> 
     </span>
     <span class='ocr_line' id='line_1_33' title="bbox 229 1935 1804 1983; baseline -0.001 -12"><span class='ocrx_word' id='word_1_340' title='bbox 229 1937 449 1971; x_wconf 87' lang='lat' dir='ltr'>Sanctorum</span> <span class='ocrx_word' id='word_1_341' title='bbox 471 1937 657 1972; x_wconf 82' lang='lat' dir='ltr'>introibat:</span> <span class='ocrx_word' id='word_1_342' title='bbox 680 1937 738 1971; x_wconf 85' lang='lat' dir='ltr'>vel</span> <span class='ocrx_word' id='word_1_343' title='bbox 759 1946 881 1971; x_wconf 87' lang='lat' dir='ltr'>autem</span> <span class='ocrx_word' id='word_1_344' title='bbox 902 1937 1079 1983; x_wconf 84' lang='lat' dir='ltr'>figurabat</span> <span class='ocrx_word' id='word_1_345' title='bbox 1101 1936 1342 1983; x_wconf 84' lang='lat' dir='ltr'>spiritualium</span> <span class='ocrx_word' id='word_1_346' title='bbox 1364 1935 1651 1971; x_wconf 88' lang='lat' dir='ltr'>occultationem</span> <span class='ocrx_word' id='word_1_347' title='bbox 1672 1935 1804 1970; x_wconf 83' lang='lat' dir='ltr'>sacrifi-</span> 
     </span>
     <span class='ocr_line' id='line_1_34' title="bbox 230 1990 1801 2037; baseline -0.001 -13"><span class='ocrx_word' id='word_1_348' title='bbox 230 1991 371 2025; x_wconf 87' lang='lat' dir='ltr'>ciorum</span> <span class='ocrx_word' id='word_1_349' title='bbox 393 1991 429 2024; x_wconf 89' lang='lat' dir='ltr'>in</span> <span class='ocrx_word' id='word_1_350' title='bbox 451 1991 631 2025; x_wconf 81' lang='lat' dir='ltr'>veteribus</span> <span class='ocrx_word' id='word_1_351' title='bbox 653 1991 855 2026; x_wconf 82' lang='lat' dir='ltr'>sacrificiis:</span> <span class='ocrx_word' id='word_1_352' title='bbox 879 1991 976 2037; x_wconf 89' lang='lat' dir='ltr'>quod</span> <span class='ocrx_word' id='word_1_353' title='bbox 1002 1990 1126 2025; x_wconf 84' lang='lat' dir='ltr'>velum</span> <span class='ocrx_word' id='word_1_354' title='bbox 1148 1995 1291 2036; x_wconf 74' lang='lat' dir='ltr'>quatuor</span> <span class='ocrx_word' id='word_1_355' title='bbox 1313 1990 1496 2025; x_wconf 89' lang='lat' dir='ltr'>coloribus</span> <span class='ocrx_word' id='word_1_356' title='bbox 1519 1997 1595 2024; x_wconf 89' lang='lat' dir='ltr'>erat</span> <span class='ocrx_word' id='word_1_357' title='bbox 1612 1997 1801 2024; x_wconf 87' lang='lat' dir='ltr'>ornatum:</span> 
     </span>
     <span class='ocr_line' id='line_1_35' title="bbox 231 2043 1802 2091; baseline -0.001 -12"><span class='ocrx_word' id='word_1_358' title='bbox 231 2046 318 2091; x_wconf 69' lang='lat' dir='ltr'>bysso</span> <span class='ocrx_word' id='word_1_359' title='bbox 338 2045 496 2090; x_wconf 87' lang='lat' dir='ltr'>quidem,</span> <span class='ocrx_word' id='word_1_360' title='bbox 513 2045 555 2078; x_wconf 88' lang='lat' dir='ltr'>ad</span> <span class='ocrx_word' id='word_1_361' title='bbox 572 2044 834 2090; x_wconf 80' lang='lat' dir='ltr'>designandam</span> <span class='ocrx_word' id='word_1_362' title='bbox 851 2045 967 2078; x_wconf 85' lang='lat' dir='ltr'>carnis</span> <span class='ocrx_word' id='word_1_363' title='bbox 982 2045 1194 2091; x_wconf 87' lang='lat' dir='ltr'>puritatem:</span> <span class='ocrx_word' id='word_1_364' title='bbox 1208 2050 1365 2091; x_wconf 76' lang='lat' dir='ltr'>purpura</span> <span class='ocrx_word' id='word_1_365' title='bbox 1379 2051 1501 2078; x_wconf 90' lang='lat' dir='ltr'>autem</span> <span class='ocrx_word' id='word_1_366' title='bbox 1517 2043 1560 2078; x_wconf 84' lang='lat' dir='ltr'>ad</span> <span class='ocrx_word' id='word_1_367' title='bbox 1572 2043 1802 2089; x_wconf 88' lang='lat' dir='ltr'>figurandum</span> 
     </span>
     <span class='ocr_line' id='line_1_36' title="bbox 230 2097 1802 2145; baseline -0.001 -13"><span class='ocrx_word' id='word_1_368' title='bbox 230 2098 428 2145; x_wconf 81' lang='lat' dir='ltr'>passiones,</span> <span class='ocrx_word' id='word_1_369' title='bbox 445 2109 533 2144; x_wconf 83' lang='lat' dir='ltr'>quas</span> <span class='ocrx_word' id='word_1_370' title='bbox 555 2099 670 2132; x_wconf 87' lang='lat' dir='ltr'>sancti</span> <span class='ocrx_word' id='word_1_371' title='bbox 685 2099 931 2132; x_wconf 87' lang='lat' dir='ltr'>sustinuerunt</span> <span class='ocrx_word' id='word_1_372' title='bbox 946 2109 1010 2144; x_wconf 93' lang='lat' dir='ltr'>pro</span> <span class='ocrx_word' id='word_1_373' title='bbox 1026 2099 1125 2132; x_wconf 89' lang='lat' dir='ltr'>Deo:</span> <span class='ocrx_word' id='word_1_374' title='bbox 1149 2110 1244 2133; x_wconf 80' lang='lat' dir='ltr'>cocco</span> <span class='ocrx_word' id='word_1_375' title='bbox 1261 2099 1308 2133; x_wconf 77' lang='lat' dir='ltr'>bis</span> <span class='ocrx_word' id='word_1_376' title='bbox 1324 2099 1439 2140; x_wconf 84' lang='lat' dir='ltr'>tincto,</span> <span class='ocrx_word' id='word_1_377' title='bbox 1460 2098 1504 2132; x_wconf 85' lang='lat' dir='ltr'>ad</span> <span class='ocrx_word' id='word_1_378' title='bbox 1523 2097 1802 2143; x_wconf 87' lang='lat' dir='ltr'>significandum</span> 
     </span>
     <span class='ocr_line' id='line_1_37' title="bbox 232 2151 1802 2198; baseline -0.001 -12"><span class='ocrx_word' id='word_1_379' title='bbox 232 2152 445 2186; x_wconf 83' lang='lat' dir='ltr'>charitatem</span> <span class='ocrx_word' id='word_1_380' title='bbox 461 2152 648 2197; x_wconf 83' lang='lat' dir='ltr'>geminam</span> <span class='ocrx_word' id='word_1_381' title='bbox 667 2153 748 2194; x_wconf 85' lang='lat' dir='ltr'>Dei,</span> <span class='ocrx_word' id='word_1_382' title='bbox 773 2161 807 2187; x_wconf 87' lang='lat' dir='ltr'>et</span> <span class='ocrx_word' id='word_1_383' title='bbox 821 2153 995 2198; x_wconf 81' lang='lat' dir='ltr'>proximi:</span> <span class='ocrx_word' id='word_1_384' title='bbox 1019 2153 1192 2198; x_wconf 65' lang='lat' dir='ltr'>hyacintho</span> <span class='ocrx_word' id='word_1_385' title='bbox 1209 2160 1330 2186; x_wconf 87' lang='lat' dir='ltr'>autem</span> <span class='ocrx_word' id='word_1_386' title='bbox 1345 2151 1616 2198; x_wconf 87' lang='lat' dir='ltr'>significabatur</span> <span class='ocrx_word' id='word_1_387' title='bbox 1634 2151 1802 2186; x_wconf 85' lang='lat' dir='ltr'>coelestis</span> 
     </span>
     <span class='ocr_line' id='line_1_38' title="bbox 231 2205 1804 2252; baseline 0 -13"><span class='ocrx_word' id='word_1_388' title='bbox 231 2206 430 2240; x_wconf 84' lang='lat' dir='ltr'>meditatio.</span> <span class='ocrx_word' id='word_1_389' title='bbox 455 2206 511 2239; x_wconf 80' lang='lat' dir='ltr'>Ad</span> <span class='ocrx_word' id='word_1_390' title='bbox 534 2214 665 2240; x_wconf 86' lang='lat' dir='ltr'>statum</span> <span class='ocrx_word' id='word_1_391' title='bbox 690 2214 811 2240; x_wconf 76' lang='lat' dir='ltr'>autem</span> <span class='ocrx_word' id='word_1_392' title='bbox 833 2206 964 2240; x_wconf 75' lang='lat' dir='ltr'>veteris</span> <span class='ocrx_word' id='word_1_393' title='bbox 987 2206 1077 2251; x_wconf 71' lang='lat' dir='ltr'>legis</span> <span class='ocrx_word' id='word_1_394' title='bbox 1100 2205 1202 2240; x_wconf 82' lang='lat' dir='ltr'>aliter</span> <span class='ocrx_word' id='word_1_395' title='bbox 1223 2217 1261 2240; x_wconf 88' lang='lat' dir='ltr'>se</span> <span class='ocrx_word' id='word_1_396' title='bbox 1279 2206 1436 2240; x_wconf 82' lang='lat' dir='ltr'>habebat</span> <span class='ocrx_word' id='word_1_397' title='bbox 1456 2206 1622 2252; x_wconf 89' lang='lat' dir='ltr'>populus,</span> <span class='ocrx_word' id='word_1_398' title='bbox 1645 2213 1681 2240; x_wconf 90' lang='lat' dir='ltr'>et</span> <span class='ocrx_word' id='word_1_399' title='bbox 1702 2205 1804 2239; x_wconf 89' lang='lat' dir='ltr'>aliter</span> 
     </span>
     <span class='ocr_line' id='line_1_39' title="bbox 232 2259 1802 2306; baseline -0.001 -13"><span class='ocrx_word' id='word_1_400' title='bbox 232 2259 465 2294; x_wconf 84' lang='lat' dir='ltr'>Sacerdotes:</span> <span class='ocrx_word' id='word_1_401' title='bbox 488 2271 574 2293; x_wconf 88' lang='lat' dir='ltr'>nam</span> <span class='ocrx_word' id='word_1_402' title='bbox 591 2260 744 2306; x_wconf 80' lang='lat' dir='ltr'>populus</span> <span class='ocrx_word' id='word_1_403' title='bbox 766 2260 842 2306; x_wconf 85' lang='lat' dir='ltr'>ipsa</span> <span class='ocrx_word' id='word_1_404' title='bbox 858 2260 1062 2306; x_wconf 84' lang='lat' dir='ltr'>corporalia</span> <span class='ocrx_word' id='word_1_405' title='bbox 1078 2259 1254 2294; x_wconf 83' lang='lat' dir='ltr'>sacrificia</span> <span class='ocrx_word' id='word_1_406' title='bbox 1270 2259 1534 2302; x_wconf 87' lang='lat' dir='ltr'>considerabat,</span> <span class='ocrx_word' id='word_1_407' title='bbox 1549 2270 1641 2306; x_wconf 87' lang='lat' dir='ltr'>quae</span> <span class='ocrx_word' id='word_1_408' title='bbox 1656 2259 1692 2293; x_wconf 89' lang='lat' dir='ltr'>in</span> <span class='ocrx_word' id='word_1_409' title='bbox 1711 2259 1802 2293; x_wconf 90' lang='lat' dir='ltr'>atrio</span> 
     </span>
     <span class='ocr_line' id='line_1_40' title="bbox 232 2313 1802 2355; baseline -0.001 -8"><span class='ocrx_word' id='word_1_410' title='bbox 232 2313 490 2348; x_wconf 83' lang='lat' dir='ltr'>offerebantur:</span> <span class='ocrx_word' id='word_1_411' title='bbox 508 2313 725 2347; x_wconf 81' lang='lat' dir='ltr'>Sacerdotes</span> <span class='ocrx_word' id='word_1_412' title='bbox 740 2325 826 2347; x_wconf 71' lang='lat' dir='ltr'>vero</span> <span class='ocrx_word' id='word_1_413' title='bbox 843 2314 1023 2347; x_wconf 83' lang='lat' dir='ltr'>rationem</span> <span class='ocrx_word' id='word_1_414' title='bbox 1039 2313 1303 2348; x_wconf 85' lang='lat' dir='ltr'>sacrificiorum</span> <span class='ocrx_word' id='word_1_415' title='bbox 1319 2313 1608 2355; x_wconf 88' lang='lat' dir='ltr'>considerabant,</span> <span class='ocrx_word' id='word_1_416' title='bbox 1626 2313 1802 2347; x_wconf 88' lang='lat' dir='ltr'>habentes</span> 
     </span>
     <span class='ocr_line' id='line_1_41' title="bbox 230 2367 1804 2413; baseline -0.001 -12"><span class='ocrx_word' id='word_1_417' title='bbox 230 2367 339 2401; x_wconf 86' lang='lat' dir='ltr'>fidem</span> <span class='ocrx_word' id='word_1_418' title='bbox 363 2367 479 2413; x_wconf 81' lang='lat' dir='ltr'>magis</span> <span class='ocrx_word' id='word_1_419' title='bbox 502 2367 709 2413; x_wconf 78' lang='lat' dir='ltr'>explicitam</span> <span class='ocrx_word' id='word_1_420' title='bbox 732 2368 774 2401; x_wconf 88' lang='lat' dir='ltr'>de</span> <span class='ocrx_word' id='word_1_421' title='bbox 797 2368 977 2413; x_wconf 72' lang='lat' dir='ltr'>mysteriis</span> <span class='ocrx_word' id='word_1_422' title='bbox 1001 2367 1156 2401; x_wconf 83' lang='lat' dir='ltr'>Christi:</span> <span class='ocrx_word' id='word_1_423' title='bbox 1180 2375 1214 2402; x_wconf 87' lang='lat' dir='ltr'>et</span> <span class='ocrx_word' id='word_1_424' title='bbox 1235 2367 1318 2402; x_wconf 89' lang='lat' dir='ltr'>ideo</span> <span class='ocrx_word' id='word_1_425' title='bbox 1336 2368 1517 2401; x_wconf 87' lang='lat' dir='ltr'>intrabant</span> <span class='ocrx_word' id='word_1_426' title='bbox 1534 2367 1569 2401; x_wconf 89' lang='lat' dir='ltr'>in</span> <span class='ocrx_word' id='word_1_427' title='bbox 1588 2367 1742 2402; x_wconf 86' lang='lat' dir='ltr'>exterius</span> <span class='ocrx_word' id='word_1_428' title='bbox 1755 2374 1804 2400; x_wconf 90' lang='lat' dir='ltr'>ta-</span> 
     </span>
     <span class='ocr_line' id='line_1_42' title="bbox 230 2420 1803 2468; baseline -0.001 -12"><span class='ocrx_word' id='word_1_429' title='bbox 230 2420 480 2463; x_wconf 87' lang='lat' dir='ltr'>bernaculum,</span> <span class='ocrx_word' id='word_1_430' title='bbox 496 2421 593 2467; x_wconf 89' lang='lat' dir='ltr'>quod</span> <span class='ocrx_word' id='word_1_431' title='bbox 616 2421 725 2455; x_wconf 64' lang='lat' dir='ltr'>etiam</span> <span class='ocrx_word' id='word_1_432' title='bbox 741 2421 900 2467; x_wconf 85' lang='lat' dir='ltr'>quodam</span> <span class='ocrx_word' id='word_1_433' title='bbox 916 2420 999 2455; x_wconf 76' lang='lat' dir='ltr'>velo</span> <span class='ocrx_word' id='word_1_434' title='bbox 1019 2421 1306 2467; x_wconf 76' lang='lat' dir='ltr'>distinguebatur</span> <span class='ocrx_word' id='word_1_435' title='bbox 1320 2421 1362 2455; x_wconf 86' lang='lat' dir='ltr'>ab</span> <span class='ocrx_word' id='word_1_436' title='bbox 1386 2421 1494 2456; x_wconf 86' lang='lat' dir='ltr'>atrio:</span> <span class='ocrx_word' id='word_1_437' title='bbox 1517 2421 1600 2468; x_wconf 89' lang='lat' dir='ltr'>quia</span> <span class='ocrx_word' id='word_1_438' title='bbox 1623 2420 1803 2467; x_wconf 86' lang='lat' dir='ltr'>quaedam</span> 
     </span>
     <span class='ocr_line' id='line_1_43' title="bbox 231 2474 1803 2521; baseline 0 -13"><span class='ocrx_word' id='word_1_439' title='bbox 231 2482 331 2509; x_wconf 86' lang='lat' dir='ltr'>erant</span> <span class='ocrx_word' id='word_1_440' title='bbox 353 2474 470 2509; x_wconf 77' lang='lat' dir='ltr'>velata</span> <span class='ocrx_word' id='word_1_441' title='bbox 493 2475 629 2521; x_wconf 88' lang='lat' dir='ltr'>populo</span> <span class='ocrx_word' id='word_1_442' title='bbox 653 2475 747 2509; x_wconf 85' lang='lat' dir='ltr'>circa</span> <span class='ocrx_word' id='word_1_443' title='bbox 771 2475 984 2520; x_wconf 74' lang='lat' dir='ltr'>mysterium</span> <span class='ocrx_word' id='word_1_444' title='bbox 1014 2475 1162 2516; x_wconf 82' lang='lat' dir='ltr'>Christi,</span> <span class='ocrx_word' id='word_1_445' title='bbox 1185 2486 1278 2521; x_wconf 85' lang='lat' dir='ltr'>quae</span> <span class='ocrx_word' id='word_1_446' title='bbox 1302 2474 1560 2509; x_wconf 83' lang='lat' dir='ltr'>Sacerdotibus</span> <span class='ocrx_word' id='word_1_447' title='bbox 1582 2482 1684 2509; x_wconf 86' lang='lat' dir='ltr'>erant</span> <span class='ocrx_word' id='word_1_448' title='bbox 1704 2482 1803 2515; x_wconf 85' lang='lat' dir='ltr'>nota,</span> 
     </span>
     <span class='ocr_line' id='line_1_44' title="bbox 232 2527 1805 2575; baseline -0.001 -13"><span class='ocrx_word' id='word_1_449' title='bbox 232 2539 306 2562; x_wconf 89' lang='lat' dir='ltr'>non</span> <span class='ocrx_word' id='word_1_450' title='bbox 322 2536 444 2562; x_wconf 86' lang='lat' dir='ltr'>tamen</span> <span class='ocrx_word' id='word_1_451' title='bbox 469 2536 569 2562; x_wconf 87' lang='lat' dir='ltr'>erant</span> <span class='ocrx_word' id='word_1_452' title='bbox 591 2528 641 2562; x_wconf 87' lang='lat' dir='ltr'>eis</span> <span class='ocrx_word' id='word_1_453' title='bbox 664 2528 769 2574; x_wconf 87' lang='lat' dir='ltr'>plene</span> <span class='ocrx_word' id='word_1_454' title='bbox 792 2528 961 2570; x_wconf 72' lang='lat' dir='ltr'>revelata,</span> <span class='ocrx_word' id='word_1_455' title='bbox 985 2529 1077 2563; x_wconf 84' lang='lat' dir='ltr'>sicut</span> <span class='ocrx_word' id='word_1_456' title='bbox 1099 2537 1224 2575; x_wconf 86' lang='lat' dir='ltr'>postea</span> <span class='ocrx_word' id='word_1_457' title='bbox 1247 2529 1282 2562; x_wconf 87' lang='lat' dir='ltr'>in</span> <span class='ocrx_word' id='word_1_458' title='bbox 1298 2528 1408 2563; x_wconf 86' lang='lat' dir='ltr'>Novo</span> <span class='ocrx_word' id='word_1_459' title='bbox 1424 2527 1676 2570; x_wconf 88' lang='lat' dir='ltr'>Testamento‚</span> <span class='ocrx_word' id='word_1_460' title='bbox 1692 2535 1730 2562; x_wconf 89' lang='lat' dir='ltr'>ut</span> <span class='ocrx_word' id='word_1_461' title='bbox 1744 2527 1805 2561; x_wconf 90' lang='lat' dir='ltr'>ha-</span> 
     </span>
     <span class='ocr_line' id='line_1_45' title="bbox 229 2582 541 2628; baseline -0.003 -12"><span class='ocrx_word' id='word_1_462' title='bbox 229 2582 331 2616; x_wconf 87' lang='lat' dir='ltr'>betur</span> <span class='ocrx_word' id='word_1_463' title='bbox 354 2582 484 2628; x_wconf 84' lang='lat' dir='ltr'>Ephes.</span> <span class='ocrx_word' id='word_1_464' title='bbox 514 2594 541 2628; x_wconf 77' lang='lat'>3.</span> 
     </span>
    </p>

    <p class='ocr_par' dir='ltr' id='par_1_3' title="bbox 231 2635 1803 2951">
     <span class='ocr_line' id='line_1_46' title="bbox 302 2635 1801 2681; baseline -0.001 -11"><span class='ocrx_word' id='word_1_465' title='bbox 302 2637 362 2670; x_wconf 87' lang='lat' dir='ltr'>AD</span> <span class='ocrx_word' id='word_1_466' title='bbox 385 2647 565 2675; x_wconf 57' lang='lat' dir='ltr'>Qeix&#39;run</span> <span class='ocrx_word' id='word_1_467' title='bbox 589 2636 795 2677; x_wconf 85' lang='lat' dir='ltr'>dicendum,</span> <span class='ocrx_word' id='word_1_468' title='bbox 819 2636 915 2681; x_wconf 86' lang='lat' dir='ltr'>quod</span> <span class='ocrx_word' id='word_1_469' title='bbox 941 2637 1105 2671; x_wconf 79' lang='lat' dir='ltr'>adoratio</span> <span class='ocrx_word' id='word_1_470' title='bbox 1129 2637 1172 2670; x_wconf 89' lang='lat' dir='ltr'>ad</span> <span class='ocrx_word' id='word_1_471' title='bbox 1193 2636 1439 2671; x_wconf 84' lang='lat' dir='ltr'>Occidentem</span> <span class='ocrx_word' id='word_1_472' title='bbox 1461 2635 1527 2670; x_wconf 90' lang='lat' dir='ltr'>fuit</span> <span class='ocrx_word' id='word_1_473' title='bbox 1541 2635 1746 2670; x_wconf 85' lang='lat' dir='ltr'>introducta</span> <span class='ocrx_word' id='word_1_474' title='bbox 1765 2635 1801 2669; x_wconf 91' lang='lat' dir='ltr'>in</span> 
     </span>
     <span class='ocr_line' id='line_1_47' title="bbox 231 2689 1801 2735; baseline 0 -12"><span class='ocrx_word' id='word_1_475' title='bbox 231 2690 310 2735; x_wconf 80' lang='lat' dir='ltr'>lege</span> <span class='ocrx_word' id='word_1_476' title='bbox 331 2690 373 2723; x_wconf 79' lang='lat' dir='ltr'>ad</span> <span class='ocrx_word' id='word_1_477' title='bbox 390 2689 652 2724; x_wconf 73' lang='lat' dir='ltr'>excludendam</span> <span class='ocrx_word' id='word_1_478' title='bbox 677 2690 939 2724; x_wconf 78' lang='lat' dir='ltr'>idololatriam:</span> <span class='ocrx_word' id='word_1_479' title='bbox 962 2702 1047 2723; x_wconf 80' lang='lat' dir='ltr'>nam</span> <span class='ocrx_word' id='word_1_480' title='bbox 1068 2702 1196 2724; x_wconf 86' lang='lat' dir='ltr'>omnes</span> <span class='ocrx_word' id='word_1_481' title='bbox 1221 2690 1383 2725; x_wconf 81' lang='lat' dir='ltr'>Gentiles</span> <span class='ocrx_word' id='word_1_482' title='bbox 1399 2690 1433 2723; x_wconf 92' lang='lat' dir='ltr'>in</span> <span class='ocrx_word' id='word_1_483' title='bbox 1449 2689 1688 2724; x_wconf 76' lang='lat' dir='ltr'>reverentiam</span> <span class='ocrx_word' id='word_1_484' title='bbox 1705 2689 1801 2723; x_wconf 84' lang='lat' dir='ltr'>Solis</span> 
     </span>
     <span class='ocr_line' id='line_1_48' title="bbox 232 2743 1803 2790; baseline 0.001 -13"><span class='ocrx_word' id='word_1_485' title='bbox 232 2744 430 2777; x_wconf 80' lang='lat' dir='ltr'>adorabant</span> <span class='ocrx_word' id='word_1_486' title='bbox 453 2744 495 2777; x_wconf 84' lang='lat' dir='ltr'>ad</span> <span class='ocrx_word' id='word_1_487' title='bbox 521 2744 732 2778; x_wconf 84' lang='lat' dir='ltr'>Orientem:</span> <span class='ocrx_word' id='word_1_488' title='bbox 757 2744 849 2777; x_wconf 82' lang='lat' dir='ltr'>unde</span> <span class='ocrx_word' id='word_1_489' title='bbox 873 2744 1002 2778; x_wconf 84' lang='lat' dir='ltr'>dicitur</span> <span class='ocrx_word' id='word_1_490' title='bbox 1025 2744 1154 2778; x_wconf 68' lang='lat' dir='ltr'>Ezech.</span> <span class='ocrx_word' id='word_1_491' title='bbox 1179 2744 1223 2785; x_wconf 79' lang='grc'>8.,</span> <span class='ocrx_word' id='word_1_492' title='bbox 1247 2744 1343 2790; x_wconf 88' lang='lat' dir='ltr'>quod</span> <span class='ocrx_word' id='word_1_493' title='bbox 1366 2743 1500 2790; x_wconf 76' lang='lat' dir='ltr'>quidam</span> <span class='ocrx_word' id='word_1_494' title='bbox 1524 2743 1686 2778; x_wconf 73' lang='lat' dir='ltr'>habebant</span> <span class='ocrx_word' id='word_1_495' title='bbox 1707 2743 1803 2778; x_wconf 80' lang='lat' dir='ltr'>dorsa</span> 
     </span>
     <span class='ocr_line' id='line_1_49' title="bbox 232 2796 1800 2843; baseline 0 -13"><span class='ocrx_word' id='word_1_496' title='bbox 232 2801 346 2831; x_wconf 77' lang='lat' dir='ltr'>coulru</span> <span class='ocrx_word' id='word_1_497' title='bbox 370 2797 522 2843; x_wconf 60' lang='lat' dir='ltr'>ternplum</span> <span class='ocrx_word' id='word_1_498' title='bbox 546 2798 700 2839; x_wconf 72' lang='lat' dir='ltr'>Domini,</span> <span class='ocrx_word' id='word_1_499' title='bbox 721 2802 749 2832; x_wconf 73' lang='lat' dir='ltr'>et</span> <span class='ocrx_word' id='word_1_500' title='bbox 763 2798 869 2843; x_wconf 53' lang='lat' dir='ltr'>jin-ies</span> <span class='ocrx_word' id='word_1_501' title='bbox 890 2797 932 2830; x_wconf 76' lang='lat' dir='ltr'>ad</span> <span class='ocrx_word' id='word_1_502' title='bbox 949 2798 1130 2838; x_wconf 56' lang='lat' dir='ltr'>(hient-111,</span> <span class='ocrx_word' id='word_1_503' title='bbox 1147 2803 1178 2832; x_wconf 71' lang='lat' dir='ltr'>ct</span> <span class='ocrx_word' id='word_1_504' title='bbox 1192 2797 1378 2832; x_wconf 73' lang='lat' dir='ltr'>udorulnznt</span> <span class='ocrx_word' id='word_1_505' title='bbox 1401 2797 1442 2831; x_wconf 79' lang='lat' dir='ltr'>ad</span> <span class='ocrx_word' id='word_1_506' title='bbox 1457 2801 1566 2831; x_wconf 83' lang='lat' dir='ltr'>ortum</span> <span class='ocrx_word' id='word_1_507' title='bbox 1580 2796 1682 2836; x_wconf 80' lang='lat' dir='ltr'>Solis,·</span> <span class='ocrx_word' id='word_1_508' title='bbox 1706 2796 1800 2830; x_wconf 88' lang='lat' dir='ltr'>unde</span> 
     </span>
     <span class='ocr_line' id='line_1_50' title="bbox 233 2849 1802 2893; baseline -0.001 -9"><span class='ocrx_word' id='word_1_509' title='bbox 233 2850 275 2884; x_wconf 87' lang='lat' dir='ltr'>ad</span> <span class='ocrx_word' id='word_1_510' title='bbox 290 2850 361 2884; x_wconf 90' lang='lat' dir='ltr'>hoc</span> <span class='ocrx_word' id='word_1_511' title='bbox 374 2850 651 2892; x_wconf 82' lang='lat' dir='ltr'>excludendum,</span> <span class='ocrx_word' id='word_1_512' title='bbox 663 2850 938 2885; x_wconf 83' lang='lat' dir='ltr'>tabernaculum</span> <span class='ocrx_word' id='word_1_513' title='bbox 951 2850 1104 2884; x_wconf 76' lang='lat' dir='ltr'>habehat</span> <span class='ocrx_word' id='word_1_514' title='bbox 1117 2851 1251 2885; x_wconf 84' lang='lat' dir='ltr'>Sancta</span> <span class='ocrx_word' id='word_1_515' title='bbox 1263 2851 1482 2885; x_wconf 80' lang='lat' dir='ltr'>Sanctorum</span> <span class='ocrx_word' id='word_1_516' title='bbox 1494 2850 1537 2884; x_wconf 87' lang='lat' dir='ltr'>ad</span> <span class='ocrx_word' id='word_1_517' title='bbox 1549 2849 1802 2893; x_wconf 86' lang='lat' dir='ltr'>Occidentem,</span> 
     </span>
     <span class='ocr_line' id='line_1_51' title="bbox 232 2905 1802 2951; baseline 0 -13"><span class='ocrx_word' id='word_1_518' title='bbox 232 2912 270 2938; x_wconf 86' lang='lat' dir='ltr'>ut</span> <span class='ocrx_word' id='word_1_519' title='bbox 291 2915 414 2938; x_wconf 86' lang='lat' dir='ltr'>versus</span> <span class='ocrx_word' id='word_1_520' title='bbox 438 2905 680 2939; x_wconf 84' lang='lat' dir='ltr'>Occidentem</span> <span class='ocrx_word' id='word_1_521' title='bbox 703 2905 906 2939; x_wconf 83' lang='lat' dir='ltr'>adorarent.</span> <span class='ocrx_word' id='word_1_522' title='bbox 931 2905 1036 2939; x_wconf 84' lang='lat' dir='ltr'>Ratio</span> <span class='ocrx_word' id='word_1_523' title='bbox 1060 2905 1169 2939; x_wconf 82' lang='lat' dir='ltr'>etiam</span> <span class='ocrx_word' id='word_1_524' title='bbox 1187 2905 1346 2951; x_wconf 74' lang='lat' dir='ltr'>figuralis</span> <span class='ocrx_word' id='word_1_525' title='bbox 1362 2916 1440 2940; x_wconf 83' lang='lat' dir='ltr'>esse</span> <span class='ocrx_word' id='word_1_526' title='bbox 1456 2913 1586 2951; x_wconf 85' lang='lat' dir='ltr'>potest,</span> <span class='ocrx_word' id='word_1_527' title='bbox 1605 2905 1687 2951; x_wconf 88' lang='lat' dir='ltr'>quia</span> <span class='ocrx_word' id='word_1_528' title='bbox 1705 2912 1802 2939; x_wconf 87' lang='lat' dir='ltr'>totus</span> 
     </span>
    </p>
   </div>
  </div>
 </body>
</html>
