<?xml version="1.0" encoding="UTF-8"?>
<!DOCTYPE html PUBLIC "-//W3C//DTD XHTML 1.0 Transitional//EN"
    "http://www.w3.org/TR/xhtml1/DTD/xhtml1-transitional.dtd">
<html xmlns="http://www.w3.org/1999/xhtml" xml:lang="en" lang="en">
 <head>
  <title>
</title>
<meta http-equiv="Content-Type" content="text/html;charset=utf-8" />
  <meta name='ocr-system' content='tesseract 3.04.00' />
  <meta name='ocr-capabilities' content='ocr_page ocr_carea ocr_par ocr_line ocrx_word'/>
</head>
<body>
  <div class='ocr_page' id='page_1' title='image "./divithomaeaquina02thomuoft_0079.png"; bbox 0 0 1907 3198; ppageno 0'>
   <div class='ocr_carea' id='block_1_1' title="bbox 533 194 1652 240">
    <p class='ocr_par' dir='ltr' id='par_1_1' title="bbox 533 194 1652 240">
     <span class='ocr_line' id='line_1_1' title="bbox 533 194 1652 240; baseline -0.002 -13"><span class='ocrx_word' id='word_1_1' title='bbox 533 196 757 233; x_wconf 79' lang='lat' dir='ltr'>QUAESTIO</span> <span class='ocrx_word' id='word_1_2' title='bbox 789 194 847 226; x_wconf 88' lang='lat' dir='ltr'>VI.</span> <span class='ocrx_word' id='word_1_3' title='bbox 881 196 1129 226; x_wconf 87' lang='lat' dir='ltr'>ARTICULUS</span> <span class='ocrx_word' id='word_1_4' title='bbox 1162 195 1206 226; x_wconf 89' lang='lat'>11.</span> <span class='ocrx_word' id='word_1_5' title='bbox 1600 197 1652 240; x_wconf 70' lang='lat'>75</span> 
     </span>
    </p>
   </div>
   <div class='ocr_carea' id='block_1_2' title="bbox 80 282 1660 384">
    <p class='ocr_par' dir='ltr' id='par_1_2' title="bbox 80 282 1660 384">
     <span class='ocr_line' id='line_1_2' title="bbox 153 282 1660 330; baseline -0.003 -12"><span class='ocrx_word' id='word_1_6' title='bbox 153 282 213 319; x_wconf 85' lang='lat' dir='ltr'>AD</span> <span class='ocrx_word' id='word_1_7' title='bbox 231 292 403 318; x_wconf 73' lang='lat' dir='ltr'>TERTIUM</span> <span class='ocrx_word' id='word_1_8' title='bbox 424 282 632 326; x_wconf 85' lang='lat' dir='ltr'>dicendum,</span> <span class='ocrx_word' id='word_1_9' title='bbox 654 282 750 330; x_wconf 90' lang='lat' dir='ltr'>quod</span> <span class='ocrx_word' id='word_1_10' title='bbox 772 282 863 326; x_wconf 89' lang='lat' dir='ltr'>laus,</span> <span class='ocrx_word' id='word_1_11' title='bbox 878 289 913 318; x_wconf 85' lang='lat' dir='ltr'>et</span> <span class='ocrx_word' id='word_1_12' title='bbox 926 283 1146 329; x_wconf 84' lang='lat' dir='ltr'>vituperium</span> <span class='ocrx_word' id='word_1_13' title='bbox 1162 287 1436 328; x_wconf 88' lang='lat' dir='ltr'>consequuntur</span> <span class='ocrx_word' id='word_1_14' title='bbox 1450 288 1572 315; x_wconf 85' lang='lat' dir='ltr'>actum</span> <span class='ocrx_word' id='word_1_15' title='bbox 1594 291 1660 315; x_wconf 78' lang='lat' dir='ltr'>vo-</span> 
     </span>
     <span class='ocr_line' id='line_1_3' title="bbox 80 334 1655 384; baseline -0.003 -11"><span class='ocrx_word' id='word_1_16' title='bbox 80 337 276 374; x_wconf 89' lang='lat' dir='ltr'>luntarium</span> <span class='ocrx_word' id='word_1_17' title='bbox 297 337 498 372; x_wconf 91' lang='lat' dir='ltr'>secundum</span> <span class='ocrx_word' id='word_1_18' title='bbox 520 336 718 384; x_wconf 86' lang='lat' dir='ltr'>perfectam</span> <span class='ocrx_word' id='word_1_19' title='bbox 740 336 936 372; x_wconf 79' lang='lat' dir='ltr'>voluntarii</span> <span class='ocrx_word' id='word_1_20' title='bbox 963 337 1155 379; x_wconf 88' lang='lat' dir='ltr'>rationem,</span> <span class='ocrx_word' id='word_1_21' title='bbox 1178 335 1293 383; x_wconf 88' lang='lat' dir='ltr'>qualis</span> <span class='ocrx_word' id='word_1_22' title='bbox 1314 346 1390 370; x_wconf 89' lang='lat' dir='ltr'>non</span> <span class='ocrx_word' id='word_1_23' title='bbox 1412 335 1594 370; x_wconf 81' lang='lat' dir='ltr'>invenitur</span> <span class='ocrx_word' id='word_1_24' title='bbox 1619 334 1655 368; x_wconf 87' lang='lat' dir='ltr'>in</span> 
     </span>
    </p>
   </div>
   <div class='ocr_carea' id='block_1_3' title="bbox 2 391 206 462">
    <p class='ocr_par' dir='ltr' id='par_1_3' title="bbox 2 391 206 462">
     <span class='ocr_line' id='line_1_4' title="bbox 2 391 206 462; baseline 0 -35"><span class='ocrx_word' id='word_1_25' title='bbox 2 397 19 462; x_wconf 31' lang='lat' dir='ltr'>‘a‘</span> <span class='ocrx_word' id='word_1_26' title='bbox 79 391 206 427; x_wconf 90' lang='lat' dir='ltr'>brutis.</span> 
     </span>
    </p>
   </div>
   <div class='ocr_carea' id='block_1_4' title="bbox 229 529 1655 674">
    <p class='ocr_par' dir='ltr' id='par_1_4' title="bbox 229 529 1655 674">
     <span class='ocr_line' id='line_1_5' title="bbox 635 529 1655 585; baseline -0.003 -12"><span class='ocrx_word' id='word_1_27' title='bbox 635 529 981 574; x_wconf 89' lang='lat' dir='ltr'>ARTICULUS</span> <span class='ocrx_word' id='word_1_28' title='bbox 1020 529 1097 573; x_wconf 91' lang='lat' dir='ltr'>[II.</span> <span class='ocrx_word' id='word_1_29' title='bbox 1612 549 1655 585; x_wconf 83' lang='lat'>43</span> 
     </span>
     <span class='ocr_line' id='line_1_6' title="bbox 229 635 1503 674; baseline -0.003 -5"><span class='ocrx_word' id='word_1_30' title='bbox 229 638 383 670; x_wconf 80' lang='lat' dir='ltr'>UTRUM</span> <span class='ocrx_word' id='word_1_31' title='bbox 403 637 723 669; x_wconf 76' lang='lat' dir='ltr'>VOLUNTAR1UM</span> <span class='ocrx_word' id='word_1_32' title='bbox 744 638 897 668; x_wconf 64' lang='lat' dir='ltr'>Possm*</span> <span class='ocrx_word' id='word_1_33' title='bbox 921 638 1022 668; x_wconf 68' lang='lat' dir='ltr'>fisse</span> <span class='ocrx_word' id='word_1_34' title='bbox 1044 637 1215 674; x_wconf 83' lang='lat' dir='ltr'>ABSQUE</span> <span class='ocrx_word' id='word_1_35' title='bbox 1239 636 1351 667; x_wconf 66' lang='lat' dir='ltr'>omn</span> <span class='ocrx_word' id='word_1_36' title='bbox 1370 635 1503 666; x_wconf 79' lang='lat' dir='ltr'>AcTu.</span> 
     </span>
    </p>
   </div>
   <div class='ocr_carea' id='block_1_5' title="bbox 38 722 1658 774">
    <p class='ocr_par' dir='ltr' id='par_1_5' title="bbox 38 722 1658 774">
     <span class='ocr_line' id='line_1_7' title="bbox 38 722 1658 774; baseline -0.003 -12"><span class='ocrx_word' id='word_1_37' title='bbox 38 741 41 746; x_wconf 73' lang='lat'><strong><em>¹</em></strong></span> <span class='ocrx_word' id='word_1_38' title='bbox 84 724 184 773; x_wconf 81' lang='lat' dir='ltr'>(Insr.</span> <span class='ocrx_word' id='word_1_39' title='bbox 198 737 229 773; x_wconf 88' lang='lat' dir='ltr'>q.</span> <span class='ocrx_word' id='word_1_40' title='bbox 245 736 294 774; x_wconf 85' lang='lat'>71.</span> <span class='ocrx_word' id='word_1_41' title='bbox 309 731 372 761; x_wconf 80' lang='lat' dir='ltr'>art.</span> <span class='ocrx_word' id='word_1_42' title='bbox 388 738 417 773; x_wconf 84' lang='lat'>5.</span> <span class='ocrx_word' id='word_1_43' title='bbox 432 726 475 761; x_wconf 79' lang='lat' dir='ltr'>ad</span> <span class='ocrx_word' id='word_1_44' title='bbox 492 738 523 762; x_wconf 91' lang='lat'>2.</span> <span class='ocrx_word' id='word_1_45' title='bbox 541 731 570 762; x_wconf 76' lang='lat' dir='ltr'>et</span> <span class='ocrx_word' id='word_1_46' title='bbox 583 737 614 762; x_wconf 90' lang='lat'>2.</span> <span class='ocrx_word' id='word_1_47' title='bbox 631 726 718 761; x_wconf 81' lang='lat' dir='ltr'>Dist.</span> <span class='ocrx_word' id='word_1_48' title='bbox 733 737 780 772; x_wconf 85' lang='lat'>25.</span> <span class='ocrx_word' id='word_1_49' title='bbox 796 731 861 761; x_wconf 86' lang='lat' dir='ltr'>art.</span> <span class='ocrx_word' id='word_1_50' title='bbox 878 738 906 772; x_wconf 84' lang='lat'>3.</span> <span class='ocrx_word' id='word_1_51' title='bbox 922 732 1013 773; x_wconf 81' lang='lat' dir='ltr'>corp.</span> <span class='ocrx_word' id='word_1_52' title='bbox 1029 731 1056 760; x_wconf 73' lang='lat' dir='ltr'>et</span> <span class='ocrx_word' id='word_1_53' title='bbox 1069 725 1112 760; x_wconf 85' lang='lat' dir='ltr'>ad</span> <span class='ocrx_word' id='word_1_54' title='bbox 1122 737 1151 772; x_wconf 82' lang='lat'>5.</span> <span class='ocrx_word' id='word_1_55' title='bbox 1166 729 1196 760; x_wconf 81' lang='lat' dir='ltr'>et</span> <span class='ocrx_word' id='word_1_56' title='bbox 1210 725 1294 760; x_wconf 75' lang='lat' dir='ltr'>Mal.</span> <span class='ocrx_word' id='word_1_57' title='bbox 1314 736 1343 771; x_wconf 87' lang='lat' dir='ltr'>q.</span> <span class='ocrx_word' id='word_1_58' title='bbox 1359 729 1480 760; x_wconf 86' lang='lat' dir='ltr'>11.art.</span> <span class='ocrx_word' id='word_1_59' title='bbox 1496 736 1523 759; x_wconf 79' lang='grc' dir='ltr'>ι.</span> <span class='ocrx_word' id='word_1_60' title='bbox 1539 722 1582 758; x_wconf 84' lang='lat' dir='ltr'>ad</span> <span class='ocrx_word' id='word_1_61' title='bbox 1596 724 1658 769; x_wconf 85' lang='lat'>2.).</span> 
     </span>
    </p>
   </div>
   <div class='ocr_carea' id='block_1_6' title="bbox 0 818 1661 2972">
    <p class='ocr_par' dir='ltr' id='par_1_6' title="bbox 82 818 1660 1031">
     <span class='ocr_line' id='line_1_8' title="bbox 153 818 1658 869; baseline -0.003 -11"><span class='ocrx_word' id='word_1_62' title='bbox 153 820 214 858; x_wconf 84' lang='lat' dir='ltr'>AD</span> <span class='ocrx_word' id='word_1_63' title='bbox 235 831 407 859; x_wconf 71' lang='lat' dir='ltr'>TERTtUM</span> <span class='ocrx_word' id='word_1_64' title='bbox 433 821 483 857; x_wconf 90' lang='lat' dir='ltr'>sic</span> <span class='ocrx_word' id='word_1_65' title='bbox 506 820 722 869; x_wconf 85' lang='lat' dir='ltr'>proceditur.</span> <span class='ocrx_word' id='word_1_66' title='bbox 748 820 912 864; x_wconf 89' lang='lat' dir='ltr'>Videtur,</span> <span class='ocrx_word' id='word_1_67' title='bbox 938 819 1035 868; x_wconf 90' lang='lat' dir='ltr'>quod</span> <span class='ocrx_word' id='word_1_68' title='bbox 1062 819 1309 855; x_wconf 84' lang='lat' dir='ltr'>voluntarium</span> <span class='ocrx_word' id='word_1_69' title='bbox 1336 830 1411 854; x_wconf 91' lang='lat' dir='ltr'>non</span> <span class='ocrx_word' id='word_1_70' title='bbox 1438 818 1552 866; x_wconf 82' lang='lat' dir='ltr'>possit</span> <span class='ocrx_word' id='word_1_71' title='bbox 1579 830 1658 854; x_wconf 88' lang='lat' dir='ltr'>esse</span> 
     </span>
     <span class='ocr_line' id='line_1_9' title="bbox 82 872 1658 922; baseline -0.003 -11"><span class='ocrx_word' id='word_1_72' title='bbox 82 875 159 911; x_wconf 85' lang='lat' dir='ltr'>sine</span> <span class='ocrx_word' id='word_1_73' title='bbox 180 883 281 911; x_wconf 87' lang='lat' dir='ltr'>actu:</span> <span class='ocrx_word' id='word_1_74' title='bbox 307 875 553 911; x_wconf 84' lang='lat' dir='ltr'>voluntarium</span> <span class='ocrx_word' id='word_1_75' title='bbox 579 875 677 910; x_wconf 89' lang='lat' dir='ltr'>enim</span> <span class='ocrx_word' id='word_1_76' title='bbox 703 875 844 918; x_wconf 90' lang='lat' dir='ltr'>dicitur,</span> <span class='ocrx_word' id='word_1_77' title='bbox 871 875 968 922; x_wconf 93' lang='lat' dir='ltr'>quod</span> <span class='ocrx_word' id='word_1_78' title='bbox 991 882 1044 910; x_wconf 90' lang='lat' dir='ltr'>est</span> <span class='ocrx_word' id='word_1_79' title='bbox 1066 885 1085 909; x_wconf 90' lang='lat' dir='ltr'>a</span> <span class='ocrx_word' id='word_1_80' title='bbox 1106 873 1311 909; x_wconf 84' lang='lat' dir='ltr'>voluntate:</span> <span class='ocrx_word' id='word_1_81' title='bbox 1335 872 1397 908; x_wconf 92' lang='lat' dir='ltr'>sed</span> <span class='ocrx_word' id='word_1_82' title='bbox 1424 872 1515 907; x_wconf 88' lang='lat' dir='ltr'>nihil</span> <span class='ocrx_word' id='word_1_83' title='bbox 1537 880 1658 920; x_wconf 89' lang='lat' dir='ltr'>potest</span> 
     </span>
     <span class='ocr_line' id='line_1_10' title="bbox 82 927 1660 977; baseline -0.002 -12"><span class='ocrx_word' id='word_1_84' title='bbox 82 940 161 965; x_wconf 87' lang='lat' dir='ltr'>esse</span> <span class='ocrx_word' id='word_1_85' title='bbox 181 941 201 964; x_wconf 90' lang='lat' dir='ltr'>a</span> <span class='ocrx_word' id='word_1_86' title='bbox 220 929 419 972; x_wconf 81' lang='lat' dir='ltr'>voluntate,</span> <span class='ocrx_word' id='word_1_87' title='bbox 434 929 501 964; x_wconf 91' lang='lat' dir='ltr'>nisi</span> <span class='ocrx_word' id='word_1_88' title='bbox 516 940 579 977; x_wconf 90' lang='lat' dir='ltr'>per</span> <span class='ocrx_word' id='word_1_89' title='bbox 597 929 755 976; x_wconf 88' lang='lat' dir='ltr'>aliquem</span> <span class='ocrx_word' id='word_1_90' title='bbox 778 938 912 972; x_wconf 88' lang='lat' dir='ltr'>actum,</span> <span class='ocrx_word' id='word_1_91' title='bbox 927 929 971 964; x_wconf 89' lang='lat' dir='ltr'>ad</span> <span class='ocrx_word' id='word_1_92' title='bbox 985 929 1106 964; x_wconf 89' lang='lat' dir='ltr'>minus</span> <span class='ocrx_word' id='word_1_93' title='bbox 1126 929 1238 976; x_wconf 89' lang='lat' dir='ltr'>ipsius</span> <span class='ocrx_word' id='word_1_94' title='bbox 1257 927 1475 970; x_wconf 83' lang='lat' dir='ltr'>voluntatis3</span> <span class='ocrx_word' id='word_1_95' title='bbox 1490 938 1579 974; x_wconf 85' lang='lat' dir='ltr'>ergo</span> <span class='ocrx_word' id='word_1_96' title='bbox 1598 938 1660 962; x_wconf 85' lang='lat' dir='ltr'>vo-</span> 
     </span>
     <span class='ocr_line' id='line_1_11' title="bbox 82 982 828 1031; baseline 0 -13"><span class='ocrx_word' id='word_1_97' title='bbox 82 982 279 1019; x_wconf 87' lang='lat' dir='ltr'>luntarium</span> <span class='ocrx_word' id='word_1_98' title='bbox 300 993 374 1018; x_wconf 92' lang='lat' dir='ltr'>non</span> <span class='ocrx_word' id='word_1_99' title='bbox 396 990 515 1031; x_wconf 89' lang='lat' dir='ltr'>potest</span> <span class='ocrx_word' id='word_1_100' title='bbox 536 994 614 1018; x_wconf 93' lang='lat' dir='ltr'>esse</span> <span class='ocrx_word' id='word_1_101' title='bbox 636 983 712 1018; x_wconf 91' lang='lat' dir='ltr'>sine</span> <span class='ocrx_word' id='word_1_102' title='bbox 736 990 828 1018; x_wconf 88' lang='lat' dir='ltr'>actu.</span> 
     </span>
    </p>

    <p class='ocr_par' dir='ltr' id='par_1_7' title="bbox 82 1034 1659 1235">
     <span class='ocr_line' id='line_1_12' title="bbox 155 1034 1655 1085; baseline -0.002 -12"><span class='ocrx_word' id='word_1_103' title='bbox 155 1047 187 1073; x_wconf 84' lang='lat'>2.</span> <span class='ocrx_word' id='word_1_104' title='bbox 208 1036 444 1073; x_wconf 70' lang='lat' dir='ltr'>PRAETEREA.</span> <span class='ocrx_word' id='word_1_105' title='bbox 468 1037 569 1072; x_wconf 83' lang='lat' dir='ltr'>Sicut</span> <span class='ocrx_word' id='word_1_106' title='bbox 590 1048 653 1085; x_wconf 90' lang='lat' dir='ltr'>per</span> <span class='ocrx_word' id='word_1_107' title='bbox 679 1046 801 1072; x_wconf 84' lang='lat' dir='ltr'>actum</span> <span class='ocrx_word' id='word_1_108' title='bbox 828 1035 1025 1072; x_wconf 85' lang='lat' dir='ltr'>voluntatis</span> <span class='ocrx_word' id='word_1_109' title='bbox 1051 1036 1182 1072; x_wconf 87' lang='lat' dir='ltr'>dicitur</span> <span class='ocrx_word' id='word_1_110' title='bbox 1209 1036 1337 1084; x_wconf 88' lang='lat' dir='ltr'>aliquis</span> <span class='ocrx_word' id='word_1_111' title='bbox 1364 1034 1475 1080; x_wconf 84' lang='lat' dir='ltr'>ve11e;</span> <span class='ocrx_word' id='word_1_112' title='bbox 1502 1035 1552 1070; x_wconf 89' lang='lat' dir='ltr'>ita</span> <span class='ocrx_word' id='word_1_113' title='bbox 1579 1046 1655 1070; x_wconf 88' lang='lat' dir='ltr'>ces—</span> 
     </span>
     <span class='ocr_line' id='line_1_13' title="bbox 82 1089 1659 1132; baseline -0.002 -5"><span class='ocrx_word' id='word_1_114' title='bbox 82 1099 184 1127; x_wconf 81' lang='lat' dir='ltr'>sante</span> <span class='ocrx_word' id='word_1_115' title='bbox 205 1099 288 1127; x_wconf 85' lang='lat' dir='ltr'>actu</span> <span class='ocrx_word' id='word_1_116' title='bbox 307 1089 504 1126; x_wconf 86' lang='lat' dir='ltr'>voluntatis</span> <span class='ocrx_word' id='word_1_117' title='bbox 525 1090 655 1126; x_wconf 88' lang='lat' dir='ltr'>dicitur</span> <span class='ocrx_word' id='word_1_118' title='bbox 679 1102 754 1126; x_wconf 90' lang='lat' dir='ltr'>non</span> <span class='ocrx_word' id='word_1_119' title='bbox 781 1090 893 1126; x_wconf 88' lang='lat' dir='ltr'>velle:</span> <span class='ocrx_word' id='word_1_120' title='bbox 917 1091 978 1126; x_wconf 93' lang='lat' dir='ltr'>sed</span> <span class='ocrx_word' id='word_1_121' title='bbox 1001 1102 1075 1126; x_wconf 90' lang='lat' dir='ltr'>non</span> <span class='ocrx_word' id='word_1_122' title='bbox 1097 1090 1191 1126; x_wconf 88' lang='lat' dir='ltr'>velle</span> <span class='ocrx_word' id='word_1_123' title='bbox 1213 1090 1499 1126; x_wconf 88' lang='lat' dir='ltr'>involuntarium</span> <span class='ocrx_word' id='word_1_124' title='bbox 1523 1098 1659 1132; x_wconf 86' lang='lat' dir='ltr'>causat,</span> 
     </span>
     <span class='ocr_line' id='line_1_14' title="bbox 83 1144 1658 1194; baseline -0.001 -14"><span class='ocrx_word' id='word_1_125' title='bbox 83 1145 180 1193; x_wconf 89' lang='lat' dir='ltr'>quod</span> <span class='ocrx_word' id='word_1_126' title='bbox 194 1145 389 1194; x_wconf 86' lang='lat' dir='ltr'>opponitur</span> <span class='ocrx_word' id='word_1_127' title='bbox 405 1145 630 1189; x_wconf 88' lang='lat' dir='ltr'>voluntario;</span> <span class='ocrx_word' id='word_1_128' title='bbox 650 1157 738 1192; x_wconf 87' lang='lat' dir='ltr'>ergo</span> <span class='ocrx_word' id='word_1_129' title='bbox 753 1144 999 1180; x_wconf 83' lang='lat' dir='ltr'>voluntarium</span> <span class='ocrx_word' id='word_1_130' title='bbox 1021 1157 1095 1180; x_wconf 92' lang='lat' dir='ltr'>non</span> <span class='ocrx_word' id='word_1_131' title='bbox 1115 1153 1233 1192; x_wconf 87' lang='lat' dir='ltr'>potest</span> <span class='ocrx_word' id='word_1_132' title='bbox 1255 1155 1332 1180; x_wconf 89' lang='lat' dir='ltr'>esse</span> <span class='ocrx_word' id='word_1_133' title='bbox 1355 1152 1438 1180; x_wconf 85' lang='lat' dir='ltr'>actu</span> <span class='ocrx_word' id='word_1_134' title='bbox 1459 1144 1658 1179; x_wconf 85' lang='lat' dir='ltr'>voluntatis</span> 
     </span>
     <span class='ocr_line' id='line_1_15' title="bbox 84 1206 259 1235; baseline -0.006 0"><span class='ocrx_word' id='word_1_135' title='bbox 84 1206 259 1235; x_wconf 82' lang='lat' dir='ltr'>cessante.</span> 
     </span>
    </p>

    <p class='ocr_par' dir='ltr' id='par_1_8' title="bbox 81 1249 1656 1410">
     <span class='ocr_line' id='line_1_16' title="bbox 155 1249 1653 1302; baseline 0 -14"><span class='ocrx_word' id='word_1_136' title='bbox 155 1262 186 1302; x_wconf 79' lang='lat'>3.</span> <span class='ocrx_word' id='word_1_137' title='bbox 197 1251 433 1289; x_wconf 73' lang='lat' dir='ltr'>PRAETEREA.</span> <span class='ocrx_word' id='word_1_138' title='bbox 445 1252 502 1288; x_wconf 89' lang='lat' dir='ltr'>De</span> <span class='ocrx_word' id='word_1_139' title='bbox 522 1251 662 1287; x_wconf 87' lang='lat' dir='ltr'>ratione</span> <span class='ocrx_word' id='word_1_140' title='bbox 675 1249 872 1287; x_wconf 84' lang='lat' dir='ltr'>voluntarii</span> <span class='ocrx_word' id='word_1_141' title='bbox 890 1260 943 1287; x_wconf 90' lang='lat' dir='ltr'>est</span> <span class='ocrx_word' id='word_1_142' title='bbox 955 1251 1130 1299; x_wconf 83' lang='lat' dir='ltr'>cognitio,</span> <span class='ocrx_word' id='word_1_143' title='bbox 1141 1260 1180 1287; x_wconf 90' lang='lat' dir='ltr'>ut</span> <span class='ocrx_word' id='word_1_144' title='bbox 1194 1251 1332 1287; x_wconf 90' lang='lat' dir='ltr'>dictum</span> <span class='ocrx_word' id='word_1_145' title='bbox 1346 1260 1401 1287; x_wconf 90' lang='lat' dir='ltr'>est</span> <span class='ocrx_word' id='word_1_146' title='bbox 1416 1251 1494 1297; x_wconf 84' lang='lat' dir='ltr'>(art.</span> <span class='ocrx_word' id='word_1_147' title='bbox 1504 1258 1618 1300; x_wconf 76' lang='lat' dir='ltr'>praec.</span> <span class='ocrx_word' id='word_1_148' title='bbox 1619 1251 1653 1298; x_wconf 90' lang='lat'>):</span> 
     </span>
     <span class='ocr_line' id='line_1_17' title="bbox 81 1303 1656 1354; baseline -0.002 -11"><span class='ocrx_word' id='word_1_149' title='bbox 81 1303 145 1343; x_wconf 79' lang='lat' dir='ltr'>sed</span> <span class='ocrx_word' id='word_1_150' title='bbox 157 1305 318 1354; x_wconf 82' lang='lat' dir='ltr'>cognitio</span> <span class='ocrx_word' id='word_1_151' title='bbox 340 1313 393 1341; x_wconf 89' lang='lat' dir='ltr'>est</span> <span class='ocrx_word' id='word_1_152' title='bbox 401 1317 467 1354; x_wconf 92' lang='lat' dir='ltr'>per</span> <span class='ocrx_word' id='word_1_153' title='bbox 480 1305 640 1353; x_wconf 85' lang='lat' dir='ltr'>aliquem</span> <span class='ocrx_word' id='word_1_154' title='bbox 662 1313 802 1340; x_wconf 90' lang='lat' dir='ltr'>actum:</span> <span class='ocrx_word' id='word_1_155' title='bbox 819 1316 908 1353; x_wconf 89' lang='lat' dir='ltr'>ergo</span> <span class='ocrx_word' id='word_1_156' title='bbox 925 1305 1175 1341; x_wconf 90' lang='lat' dir='ltr'>voluntarium</span> <span class='ocrx_word' id='word_1_157' title='bbox 1193 1317 1267 1341; x_wconf 93' lang='lat' dir='ltr'>non</span> <span class='ocrx_word' id='word_1_158' title='bbox 1282 1314 1402 1353; x_wconf 89' lang='lat' dir='ltr'>potest</span> <span class='ocrx_word' id='word_1_159' title='bbox 1420 1317 1499 1341; x_wconf 87' lang='lat' dir='ltr'>esse</span> <span class='ocrx_word' id='word_1_160' title='bbox 1519 1305 1656 1353; x_wconf 88' lang='lat' dir='ltr'>absque</span> 
     </span>
     <span class='ocr_line' id='line_1_18' title="bbox 82 1359 321 1410; baseline -0.013 -12"><span class='ocrx_word' id='word_1_161' title='bbox 82 1359 206 1410; x_wconf 82' lang='lat' dir='ltr'>aliquo</span> <span class='ocrx_word' id='word_1_162' title='bbox 227 1368 321 1396; x_wconf 91' lang='lat' dir='ltr'>actu.</span> 
     </span>
    </p>

    <p class='ocr_par' dir='ltr' id='par_1_9' title="bbox 81 1408 1659 1570">
     <span class='ocr_line' id='line_1_19' title="bbox 153 1408 1659 1462; baseline -0.001 -12"><span class='ocrx_word' id='word_1_163' title='bbox 153 1408 231 1450; x_wconf 71' lang='lat' dir='ltr'>SED</span> <span class='ocrx_word' id='word_1_164' title='bbox 256 1423 423 1450; x_wconf 69' lang='lat' dir='ltr'>coum.</span> <span class='ocrx_word' id='word_1_165' title='bbox 451 1412 555 1457; x_wconf 86' lang='lat' dir='ltr'>Illud,</span> <span class='ocrx_word' id='word_1_166' title='bbox 583 1415 685 1462; x_wconf 89' lang='lat' dir='ltr'>cujus</span> <span class='ocrx_word' id='word_1_167' title='bbox 711 1414 852 1450; x_wconf 89' lang='lat' dir='ltr'>domini</span> <span class='ocrx_word' id='word_1_168' title='bbox 879 1426 1016 1458; x_wconf 91' lang='lat' dir='ltr'>sumus,</span> <span class='ocrx_word' id='word_1_169' title='bbox 1043 1413 1174 1450; x_wconf 90' lang='lat' dir='ltr'>dicitur</span> <span class='ocrx_word' id='word_1_170' title='bbox 1200 1425 1278 1450; x_wconf 86' lang='lat' dir='ltr'>esse</span> <span class='ocrx_word' id='word_1_171' title='bbox 1304 1413 1569 1450; x_wconf 81' lang='lat' dir='ltr'>voluntarium:</span> <span class='ocrx_word' id='word_1_172' title='bbox 1598 1414 1659 1449; x_wconf 89' lang='lat' dir='ltr'>sed</span> 
     </span>
     <span class='ocr_line' id='line_1_20' title="bbox 81 1466 1658 1516; baseline -0.001 -12"><span class='ocrx_word' id='word_1_173' title='bbox 81 1477 150 1504; x_wconf 88' lang='lat' dir='ltr'>nos</span> <span class='ocrx_word' id='word_1_174' title='bbox 165 1466 307 1504; x_wconf 86' lang='lat' dir='ltr'>domini</span> <span class='ocrx_word' id='word_1_175' title='bbox 324 1479 449 1504; x_wconf 88' lang='lat' dir='ltr'>sumus</span> <span class='ocrx_word' id='word_1_176' title='bbox 467 1469 544 1515; x_wconf 86' lang='lat' dir='ltr'>ejus</span> <span class='ocrx_word' id='word_1_177' title='bbox 561 1469 659 1516; x_wconf 91' lang='lat' dir='ltr'>quod</span> <span class='ocrx_word' id='word_1_178' title='bbox 679 1477 732 1504; x_wconf 90' lang='lat' dir='ltr'>est</span> <span class='ocrx_word' id='word_1_179' title='bbox 751 1480 869 1516; x_wconf 90' lang='lat' dir='ltr'>agere,</span> <span class='ocrx_word' id='word_1_180' title='bbox 888 1477 924 1504; x_wconf 89' lang='lat' dir='ltr'>et</span> <span class='ocrx_word' id='word_1_181' title='bbox 940 1480 1015 1504; x_wconf 92' lang='lat' dir='ltr'>non</span> <span class='ocrx_word' id='word_1_182' title='bbox 1035 1479 1154 1516; x_wconf 89' lang='lat' dir='ltr'>agere,</span> <span class='ocrx_word' id='word_1_183' title='bbox 1172 1467 1278 1512; x_wconf 88' lang='lat' dir='ltr'>velle,</span> <span class='ocrx_word' id='word_1_184' title='bbox 1294 1477 1330 1504; x_wconf 87' lang='lat' dir='ltr'>et</span> <span class='ocrx_word' id='word_1_185' title='bbox 1346 1480 1420 1503; x_wconf 92' lang='lat' dir='ltr'>non</span> <span class='ocrx_word' id='word_1_186' title='bbox 1438 1467 1550 1503; x_wconf 85' lang='lat' dir='ltr'>velle:</span> <span class='ocrx_word' id='word_1_187' title='bbox 1571 1479 1658 1515; x_wconf 90' lang='lat' dir='ltr'>ergo</span> 
     </span>
     <span class='ocr_line' id='line_1_21' title="bbox 81 1521 1490 1570; baseline 0 -13"><span class='ocrx_word' id='word_1_188' title='bbox 81 1521 175 1558; x_wconf 86' lang='lat' dir='ltr'>sicut</span> <span class='ocrx_word' id='word_1_189' title='bbox 195 1531 315 1569; x_wconf 82' lang='lat' dir='ltr'>agere,</span> <span class='ocrx_word' id='word_1_190' title='bbox 337 1529 372 1558; x_wconf 89' lang='lat' dir='ltr'>et</span> <span class='ocrx_word' id='word_1_191' title='bbox 391 1521 486 1558; x_wconf 87' lang='lat' dir='ltr'>velle</span> <span class='ocrx_word' id='word_1_192' title='bbox 508 1531 562 1558; x_wconf 90' lang='lat' dir='ltr'>est</span> <span class='ocrx_word' id='word_1_193' title='bbox 582 1522 844 1565; x_wconf 88' lang='lat' dir='ltr'>voluntarium,</span> <span class='ocrx_word' id='word_1_194' title='bbox 866 1522 915 1558; x_wconf 88' lang='lat' dir='ltr'>ita</span> <span class='ocrx_word' id='word_1_195' title='bbox 937 1530 972 1558; x_wconf 88' lang='lat' dir='ltr'>et</span> <span class='ocrx_word' id='word_1_196' title='bbox 992 1533 1066 1558; x_wconf 90' lang='lat' dir='ltr'>non</span> <span class='ocrx_word' id='word_1_197' title='bbox 1087 1534 1206 1570; x_wconf 85' lang='lat' dir='ltr'>agere,</span> <span class='ocrx_word' id='word_1_198' title='bbox 1229 1531 1265 1558; x_wconf 84' lang='lat' dir='ltr'>et</span> <span class='ocrx_word' id='word_1_199' title='bbox 1284 1533 1359 1557; x_wconf 92' lang='lat' dir='ltr'>non</span> <span class='ocrx_word' id='word_1_200' title='bbox 1385 1522 1490 1557; x_wconf 85' lang='lat' dir='ltr'>velle.</span> 
     </span>
    </p>

    <p class='ocr_par' dir='ltr' id='par_1_10' title="bbox 78 1574 1661 1893">
     <span class='ocr_line' id='line_1_22' title="bbox 152 1574 1658 1624; baseline -0.001 -12"><span class='ocrx_word' id='word_1_201' title='bbox 152 1575 384 1612; x_wconf 72' lang='lat' dir='ltr'>RESPONDEO</span> <span class='ocrx_word' id='word_1_202' title='bbox 405 1576 614 1620; x_wconf 88' lang='lat' dir='ltr'>dicendum,</span> <span class='ocrx_word' id='word_1_203' title='bbox 641 1576 738 1624; x_wconf 92' lang='lat' dir='ltr'>quod</span> <span class='ocrx_word' id='word_1_204' title='bbox 764 1575 1013 1612; x_wconf 79' lang='lat' dir='ltr'>voluntarium</span> <span class='ocrx_word' id='word_1_205' title='bbox 1040 1576 1182 1619; x_wconf 88' lang='lat' dir='ltr'>dicitur,</span> <span class='ocrx_word' id='word_1_206' title='bbox 1209 1576 1307 1623; x_wconf 92' lang='lat' dir='ltr'>quod</span> <span class='ocrx_word' id='word_1_207' title='bbox 1335 1584 1387 1611; x_wconf 86' lang='lat' dir='ltr'>est</span> <span class='ocrx_word' id='word_1_208' title='bbox 1413 1587 1433 1610; x_wconf 84' lang='lat' dir='ltr'>a</span> <span class='ocrx_word' id='word_1_209' title='bbox 1459 1574 1658 1611; x_wconf 85' lang='lat' dir='ltr'>voluntate.</span> 
     </span>
     <span class='ocr_line' id='line_1_23' title="bbox 80 1627 1661 1678; baseline -0.001 -13"><span class='ocrx_word' id='word_1_210' title='bbox 80 1628 139 1665; x_wconf 80' lang='lat' dir='ltr'>Ab</span> <span class='ocrx_word' id='word_1_211' title='bbox 161 1627 284 1678; x_wconf 85' lang='lat' dir='ltr'>aliquo</span> <span class='ocrx_word' id='word_1_212' title='bbox 306 1636 429 1665; x_wconf 87' lang='lat' dir='ltr'>autem</span> <span class='ocrx_word' id='word_1_213' title='bbox 451 1629 582 1665; x_wconf 89' lang='lat' dir='ltr'>dicitur</span> <span class='ocrx_word' id='word_1_214' title='bbox 602 1641 680 1665; x_wconf 89' lang='lat' dir='ltr'>esse</span> <span class='ocrx_word' id='word_1_215' title='bbox 703 1630 838 1678; x_wconf 86' lang='lat' dir='ltr'>aliquid</span> <span class='ocrx_word' id='word_1_216' title='bbox 864 1630 1051 1678; x_wconf 68' lang='lat' dir='ltr'>dupliciter.</span> <span class='ocrx_word' id='word_1_217' title='bbox 1086 1631 1161 1666; x_wconf 85' lang='lat' dir='ltr'><em>L&#39;no</em></span> <span class='ocrx_word' id='word_1_218' title='bbox 1188 1630 1284 1665; x_wconf 84' lang='lat' dir='ltr'>modo</span> <span class='ocrx_word' id='word_1_219' title='bbox 1307 1630 1454 1673; x_wconf 86' lang='lat' dir='ltr'>directe,</span> <span class='ocrx_word' id='word_1_220' title='bbox 1476 1629 1573 1677; x_wconf 89' lang='lat' dir='ltr'>quod</span> <span class='ocrx_word' id='word_1_221' title='bbox 1596 1630 1661 1664; x_wconf 89' lang='lat' dir='ltr'>sci-</span> 
     </span>
     <span class='ocr_line' id='line_1_24' title="bbox 79 1681 1659 1732; baseline 0 -14"><span class='ocrx_word' id='word_1_222' title='bbox 79 1681 166 1719; x_wconf 85' lang='lat' dir='ltr'>licet</span> <span class='ocrx_word' id='word_1_223' title='bbox 185 1683 351 1732; x_wconf 89' lang='lat' dir='ltr'>procedit</span> <span class='ocrx_word' id='word_1_224' title='bbox 373 1683 417 1718; x_wconf 90' lang='lat' dir='ltr'>ab</span> <span class='ocrx_word' id='word_1_225' title='bbox 440 1683 574 1731; x_wconf 89' lang='lat' dir='ltr'>aliquo,</span> <span class='ocrx_word' id='word_1_226' title='bbox 592 1684 808 1732; x_wconf 88' lang='lat' dir='ltr'>inquantum</span> <span class='ocrx_word' id='word_1_227' title='bbox 827 1693 881 1719; x_wconf 86' lang='lat' dir='ltr'>est</span> <span class='ocrx_word' id='word_1_228' title='bbox 899 1695 1030 1731; x_wconf 88' lang='lat' dir='ltr'>agens;</span> <span class='ocrx_word' id='word_1_229' title='bbox 1050 1684 1143 1719; x_wconf 91' lang='lat' dir='ltr'>sicut</span> <span class='ocrx_word' id='word_1_230' title='bbox 1161 1683 1352 1719; x_wconf 83' lang='lat' dir='ltr'>calefactio</span> <span class='ocrx_word' id='word_1_231' title='bbox 1375 1695 1394 1718; x_wconf 86' lang='lat' dir='ltr'>a</span> <span class='ocrx_word' id='word_1_232' title='bbox 1417 1683 1551 1718; x_wconf 87' lang='lat' dir='ltr'>calore.</span> <span class='ocrx_word' id='word_1_233' title='bbox 1580 1684 1659 1719; x_wconf 77' lang='lat' dir='ltr'>Alio</span> 
     </span>
     <span class='ocr_line' id='line_1_25' title="bbox 78 1736 1654 1786; baseline -0.001 -13"><span class='ocrx_word' id='word_1_234' title='bbox 78 1736 174 1773; x_wconf 80' lang='lat' dir='ltr'>modo</span> <span class='ocrx_word' id='word_1_235' title='bbox 194 1736 380 1780; x_wconf 88' lang='lat' dir='ltr'>indirecte,</span> <span class='ocrx_word' id='word_1_236' title='bbox 391 1748 434 1773; x_wconf 86' lang='lat' dir='ltr'>ex</span> <span class='ocrx_word' id='word_1_237' title='bbox 445 1737 518 1773; x_wconf 90' lang='lat' dir='ltr'>hoc</span> <span class='ocrx_word' id='word_1_238' title='bbox 539 1737 619 1786; x_wconf 91' lang='lat' dir='ltr'>ipso</span> <span class='ocrx_word' id='word_1_239' title='bbox 642 1738 739 1785; x_wconf 90' lang='lat' dir='ltr'>quod</span> <span class='ocrx_word' id='word_1_240' title='bbox 760 1738 945 1785; x_wconf 85' lang='lat' dir='ltr'>non.agit;</span> <span class='ocrx_word' id='word_1_241' title='bbox 967 1738 1060 1774; x_wconf 90' lang='lat' dir='ltr'>sicut</span> <span class='ocrx_word' id='word_1_242' title='bbox 1077 1738 1280 1773; x_wconf 82' lang='lat' dir='ltr'>submersio</span> <span class='ocrx_word' id='word_1_243' title='bbox 1299 1738 1401 1772; x_wconf 89' lang='lat' dir='ltr'>navis</span> <span class='ocrx_word' id='word_1_244' title='bbox 1424 1737 1554 1772; x_wconf 88' lang='lat' dir='ltr'>dicitur</span> <span class='ocrx_word' id='word_1_245' title='bbox 1577 1749 1654 1772; x_wconf 89' lang='lat' dir='ltr'>esse</span> 
     </span>
     <span class='ocr_line' id='line_1_26' title="bbox 81 1790 1658 1839; baseline 0 -13"><span class='ocrx_word' id='word_1_246' title='bbox 81 1801 101 1826; x_wconf 86' lang='lat' dir='ltr'>a</span> <span class='ocrx_word' id='word_1_247' title='bbox 126 1790 380 1839; x_wconf 77' lang='lat' dir='ltr'>gubernatore,</span> <span class='ocrx_word' id='word_1_248' title='bbox 401 1791 617 1839; x_wconf 88' lang='lat' dir='ltr'>inquantum</span> <span class='ocrx_word' id='word_1_249' title='bbox 643 1792 781 1827; x_wconf 88' lang='lat' dir='ltr'>desistit</span> <span class='ocrx_word' id='word_1_250' title='bbox 808 1803 827 1827; x_wconf 90' lang='lat' dir='ltr'>a</span> <span class='ocrx_word' id='word_1_251' title='bbox 854 1792 1101 1839; x_wconf 86' lang='lat' dir='ltr'>gubernando.</span> <span class='ocrx_word' id='word_1_252' title='bbox 1131 1792 1202 1827; x_wconf 87' lang='lat' dir='ltr'>Sed</span> <span class='ocrx_word' id='word_1_253' title='bbox 1229 1792 1431 1834; x_wconf 90' lang='lat' dir='ltr'>sciendum,</span> <span class='ocrx_word' id='word_1_254' title='bbox 1459 1791 1556 1838; x_wconf 91' lang='lat' dir='ltr'>quod</span> <span class='ocrx_word' id='word_1_255' title='bbox 1583 1803 1658 1826; x_wconf 89' lang='lat' dir='ltr'>non</span> 
     </span>
     <span class='ocr_line' id='line_1_27' title="bbox 79 1844 1658 1893; baseline -0.001 -12"><span class='ocrx_word' id='word_1_256' title='bbox 79 1855 224 1893; x_wconf 85' lang='lat' dir='ltr'>semper</span> <span class='ocrx_word' id='word_1_257' title='bbox 242 1844 291 1889; x_wconf 89' lang='lat' dir='ltr'>id,</span> <span class='ocrx_word' id='word_1_258' title='bbox 312 1844 410 1893; x_wconf 89' lang='lat' dir='ltr'>quod</span> <span class='ocrx_word' id='word_1_259' title='bbox 431 1845 593 1893; x_wconf 87' lang='lat' dir='ltr'>sequitur</span> <span class='ocrx_word' id='word_1_260' title='bbox 618 1845 662 1880; x_wconf 94' lang='lat' dir='ltr'>ad</span> <span class='ocrx_word' id='word_1_261' title='bbox 685 1844 866 1880; x_wconf 88' lang='lat' dir='ltr'>defectum</span> <span class='ocrx_word' id='word_1_262' title='bbox 890 1846 1055 1888; x_wconf 89' lang='lat' dir='ltr'>actionis,</span> <span class='ocrx_word' id='word_1_263' title='bbox 1077 1846 1260 1881; x_wconf 88' lang='lat' dir='ltr'>reducitur</span> <span class='ocrx_word' id='word_1_264' title='bbox 1281 1846 1374 1881; x_wconf 91' lang='lat' dir='ltr'>sicut</span> <span class='ocrx_word' id='word_1_265' title='bbox 1394 1846 1430 1880; x_wconf 91' lang='lat' dir='ltr'>in</span> <span class='ocrx_word' id='word_1_266' title='bbox 1454 1857 1603 1880; x_wconf 85' lang='lat' dir='ltr'>causam</span> <span class='ocrx_word' id='word_1_267' title='bbox 1621 1845 1658 1880; x_wconf 88' lang='lat' dir='ltr'>in</span> 
     </span>
    </p>

    <p class='ocr_par' dir='ltr' id='par_1_11' title="bbox 3 1898 1660 2378">
     <span class='ocr_line' id='line_1_28' title="bbox 11 1898 1659 1948; baseline -0.001 -13"><span class='ocrx_word' id='word_1_268' title='bbox 11 1909 19 1926; x_wconf 43' lang='grc' dir='ltr'>ἲ</span> <span class='ocrx_word' id='word_1_269' title='bbox 79 1909 203 1948; x_wconf 84' lang='lat' dir='ltr'>agens,</span> <span class='ocrx_word' id='word_1_270' title='bbox 224 1909 267 1935; x_wconf 83' lang='lat' dir='ltr'>ex</span> <span class='ocrx_word' id='word_1_271' title='bbox 288 1910 333 1935; x_wconf 89' lang='lat' dir='ltr'>eo</span> <span class='ocrx_word' id='word_1_272' title='bbox 355 1899 454 1947; x_wconf 92' lang='lat' dir='ltr'>quod</span> <span class='ocrx_word' id='word_1_273' title='bbox 475 1910 550 1935; x_wconf 90' lang='lat' dir='ltr'>non</span> <span class='ocrx_word' id='word_1_274' title='bbox 573 1899 658 1947; x_wconf 88' lang='lat' dir='ltr'>agit,</span> <span class='ocrx_word' id='word_1_275' title='bbox 682 1900 743 1935; x_wconf 88' lang='lat' dir='ltr'>sed</span> <span class='ocrx_word' id='word_1_276' title='bbox 766 1898 887 1935; x_wconf 90' lang='lat' dir='ltr'>solum</span> <span class='ocrx_word' id='word_1_277' title='bbox 913 1908 1011 1943; x_wconf 82' lang='lat' dir='ltr'>tunc,</span> <span class='ocrx_word' id='word_1_278' title='bbox 1035 1911 1119 1934; x_wconf 90' lang='lat' dir='ltr'>cum</span> <span class='ocrx_word' id='word_1_279' title='bbox 1147 1908 1277 1947; x_wconf 89' lang='lat' dir='ltr'>potest,</span> <span class='ocrx_word' id='word_1_280' title='bbox 1300 1908 1334 1934; x_wconf 87' lang='lat' dir='ltr'>et</span> <span class='ocrx_word' id='word_1_281' title='bbox 1355 1899 1461 1934; x_wconf 86' lang='lat' dir='ltr'>debet</span> <span class='ocrx_word' id='word_1_282' title='bbox 1482 1910 1606 1946; x_wconf 80' lang='lat' dir='ltr'>agere:</span> <span class='ocrx_word' id='word_1_283' title='bbox 1629 1898 1659 1934; x_wconf 89' lang='lat' dir='ltr'>si</span> 
     </span>
     <span class='ocr_line' id='line_1_29' title="bbox 3 1925 1658 2002; baseline -0.002 -11"><span class='ocrx_word' id='word_1_284' title='bbox 3 1925 29 1991; x_wconf 61' lang='grc' dir='ltr'>ἲ</span> <span class='ocrx_word' id='word_1_285' title='bbox 79 1953 179 1990; x_wconf 87' lang='lat' dir='ltr'>enim</span> <span class='ocrx_word' id='word_1_286' title='bbox 199 1953 422 2002; x_wconf 85' lang='lat' dir='ltr'>gubernator</span> <span class='ocrx_word' id='word_1_287' title='bbox 442 1964 517 1989; x_wconf 91' lang='lat' dir='ltr'>non</span> <span class='ocrx_word' id='word_1_288' title='bbox 539 1962 662 2002; x_wconf 89' lang='lat' dir='ltr'>posset</span> <span class='ocrx_word' id='word_1_289' title='bbox 682 1965 815 1989; x_wconf 73' lang='lat' dir='ltr'>navem</span> <span class='ocrx_word' id='word_1_290' title='bbox 838 1954 1004 2001; x_wconf 86' lang='lat' dir='ltr'>dirigere,</span> <span class='ocrx_word' id='word_1_291' title='bbox 1028 1954 1087 1989; x_wconf 78' lang='lat' dir='ltr'>vel</span> <span class='ocrx_word' id='word_1_292' title='bbox 1108 1966 1182 1989; x_wconf 90' lang='lat' dir='ltr'>non</span> <span class='ocrx_word' id='word_1_293' title='bbox 1205 1962 1298 1989; x_wconf 87' lang='lat' dir='ltr'>esset</span> <span class='ocrx_word' id='word_1_294' title='bbox 1319 1954 1350 1989; x_wconf 89' lang='lat' dir='ltr'>ei</span> <span class='ocrx_word' id='word_1_295' title='bbox 1374 1955 1573 1989; x_wconf 86' lang='lat' dir='ltr'>commissa</span> <span class='ocrx_word' id='word_1_296' title='bbox 1596 1965 1658 2000; x_wconf 86' lang='lat' dir='ltr'>gu-</span> 
     </span>
     <span class='ocr_line' id='line_1_30' title="bbox 12 2005 1660 2056; baseline -0.001 -13"><span class='ocrx_word' id='word_1_297' title='bbox 12 2005 20 2016; x_wconf 78' lang='lat'><em>&#39;</em></span> <span class='ocrx_word' id='word_1_298' title='bbox 78 2006 243 2043; x_wconf 76' lang='lat' dir='ltr'>bei-natio</span> <span class='ocrx_word' id='word_1_299' title='bbox 263 2007 379 2051; x_wconf 89' lang='lat' dir='ltr'>navis,</span> <span class='ocrx_word' id='word_1_300' title='bbox 399 2018 475 2043; x_wconf 91' lang='lat' dir='ltr'>non</span> <span class='ocrx_word' id='word_1_301' title='bbox 496 2008 736 2056; x_wconf 81' lang='lat' dir='ltr'>Imputaretur</span> <span class='ocrx_word' id='word_1_302' title='bbox 757 2008 790 2043; x_wconf 89' lang='lat' dir='ltr'>ei</span> <span class='ocrx_word' id='word_1_303' title='bbox 817 2009 919 2043; x_wconf 79' lang='lat' dir='ltr'>navis</span> <span class='ocrx_word' id='word_1_304' title='bbox 946 2008 1161 2051; x_wconf 83' lang='lat' dir='ltr'>submersio,</span> <span class='ocrx_word' id='word_1_305' title='bbox 1177 2019 1268 2055; x_wconf 90' lang='lat' dir='ltr'>quae</span> <span class='ocrx_word' id='word_1_306' title='bbox 1292 2020 1355 2055; x_wconf 91' lang='lat' dir='ltr'>per</span> <span class='ocrx_word' id='word_1_307' title='bbox 1376 2008 1575 2042; x_wconf 85' lang='lat' dir='ltr'>absentiam</span> <span class='ocrx_word' id='word_1_308' title='bbox 1599 2019 1660 2054; x_wconf 87' lang='lat' dir='ltr'>gu-</span> 
     </span>
     <span class='ocr_line' id='line_1_31' title="bbox 13 2058 1660 2109; baseline -0.001 -12"><span class='ocrx_word' id='word_1_309' title='bbox 13 2058 23 2083; x_wconf 78' lang='lat'><strong>¹</strong></span> <span class='ocrx_word' id='word_1_310' title='bbox 77 2060 281 2097; x_wconf 86' lang='lat' dir='ltr'>bernatoris</span> <span class='ocrx_word' id='word_1_311' title='bbox 302 2061 541 2109; x_wconf 86' lang='lat' dir='ltr'>contingeret.</span> <span class='ocrx_word' id='word_1_312' title='bbox 562 2061 661 2103; x_wconf 87' lang='lat' dir='ltr'>Quia</span> <span class='ocrx_word' id='word_1_313' title='bbox 679 2062 790 2109; x_wconf 88' lang='lat' dir='ltr'>igitur</span> <span class='ocrx_word' id='word_1_314' title='bbox 808 2061 977 2097; x_wconf 81' lang='lat' dir='ltr'>voluntas</span> <span class='ocrx_word' id='word_1_315' title='bbox 996 2061 1168 2105; x_wconf 85' lang='lat' dir='ltr'>volendo,</span> <span class='ocrx_word' id='word_1_316' title='bbox 1191 2070 1225 2096; x_wconf 88' lang='lat' dir='ltr'>et</span> <span class='ocrx_word' id='word_1_317' title='bbox 1244 2062 1386 2108; x_wconf 85' lang='lat' dir='ltr'>agendo</span> <span class='ocrx_word' id='word_1_318' title='bbox 1409 2070 1527 2109; x_wconf 89' lang='lat' dir='ltr'>potest</span> <span class='ocrx_word' id='word_1_319' title='bbox 1548 2062 1660 2108; x_wconf 89' lang='lat' dir='ltr'>impe-</span> 
     </span>
     <span class='ocr_line' id='line_1_32' title="bbox 78 2114 1659 2163; baseline -0.001 -12"><span class='ocrx_word' id='word_1_320' title='bbox 78 2114 155 2151; x_wconf 86' lang='lat' dir='ltr'>dire</span> <span class='ocrx_word' id='word_1_321' title='bbox 175 2115 248 2151; x_wconf 88' lang='lat' dir='ltr'>hoc</span> <span class='ocrx_word' id='word_1_322' title='bbox 267 2115 365 2163; x_wconf 86' lang='lat' dir='ltr'>quod</span> <span class='ocrx_word' id='word_1_323' title='bbox 386 2123 441 2151; x_wconf 91' lang='lat' dir='ltr'>est</span> <span class='ocrx_word' id='word_1_324' title='bbox 461 2126 535 2150; x_wconf 90' lang='lat' dir='ltr'>non</span> <span class='ocrx_word' id='word_1_325' title='bbox 557 2115 663 2158; x_wconf 91' lang='lat' dir='ltr'>velle,</span> <span class='ocrx_word' id='word_1_326' title='bbox 686 2123 721 2150; x_wconf 94' lang='lat' dir='ltr'>et</span> <span class='ocrx_word' id='word_1_327' title='bbox 741 2127 814 2151; x_wconf 91' lang='lat' dir='ltr'>non</span> <span class='ocrx_word' id='word_1_328' title='bbox 839 2127 958 2163; x_wconf 86' lang='lat' dir='ltr'>agere,</span> <span class='ocrx_word' id='word_1_329' title='bbox 979 2123 1014 2151; x_wconf 89' lang='lat' dir='ltr'>et</span> <span class='ocrx_word' id='word_1_330' title='bbox 1037 2115 1233 2163; x_wconf 84' lang='lat' dir='ltr'>aliquando</span> <span class='ocrx_word' id='word_1_331' title='bbox 1255 2115 1372 2158; x_wconf 91' lang='lat' dir='ltr'>debet,</span> <span class='ocrx_word' id='word_1_332' title='bbox 1394 2115 1465 2150; x_wconf 92' lang='lat' dir='ltr'>hoc</span> <span class='ocrx_word' id='word_1_333' title='bbox 1489 2115 1586 2162; x_wconf 90' lang='lat' dir='ltr'>quod</span> <span class='ocrx_word' id='word_1_334' title='bbox 1606 2123 1659 2150; x_wconf 88' lang='lat' dir='ltr'>est</span> 
     </span>
     <span class='ocr_line' id='line_1_33' title="bbox 78 2168 1660 2217; baseline -0.001 -12"><span class='ocrx_word' id='word_1_335' title='bbox 78 2179 154 2205; x_wconf 90' lang='lat' dir='ltr'>non</span> <span class='ocrx_word' id='word_1_336' title='bbox 174 2168 281 2212; x_wconf 86' lang='lat' dir='ltr'>velle,</span> <span class='ocrx_word' id='word_1_337' title='bbox 303 2177 339 2205; x_wconf 94' lang='lat' dir='ltr'>et</span> <span class='ocrx_word' id='word_1_338' title='bbox 358 2180 433 2204; x_wconf 91' lang='lat' dir='ltr'>non</span> <span class='ocrx_word' id='word_1_339' title='bbox 456 2180 576 2216; x_wconf 85' lang='lat' dir='ltr'>agere,</span> <span class='ocrx_word' id='word_1_340' title='bbox 598 2169 796 2217; x_wconf 87' lang='lat' dir='ltr'>imputatur</span> <span class='ocrx_word' id='word_1_341' title='bbox 818 2170 862 2212; x_wconf 86' lang='lat' dir='ltr'>ei,</span> <span class='ocrx_word' id='word_1_342' title='bbox 889 2170 991 2217; x_wconf 81' lang='lat' dir='ltr'>quasi</span> <span class='ocrx_word' id='word_1_343' title='bbox 1020 2170 1062 2204; x_wconf 87' lang='lat' dir='ltr'>ab</span> <span class='ocrx_word' id='word_1_344' title='bbox 1090 2170 1167 2217; x_wconf 89' lang='lat' dir='ltr'>ipsa</span> <span class='ocrx_word' id='word_1_345' title='bbox 1194 2169 1361 2204; x_wconf 73' lang='lat' dir='ltr'>existens.</span> <span class='ocrx_word' id='word_1_346' title='bbox 1390 2168 1435 2204; x_wconf 85' lang='lat' dir='ltr'>Et</span> <span class='ocrx_word' id='word_1_347' title='bbox 1460 2169 1510 2204; x_wconf 89' lang='lat' dir='ltr'>sic</span> <span class='ocrx_word' id='word_1_348' title='bbox 1532 2168 1660 2203; x_wconf 78' lang='lat' dir='ltr'>volun-</span> 
     </span>
     <span class='ocr_line' id='line_1_34' title="bbox 76 2222 1658 2271; baseline -0.001 -12"><span class='ocrx_word' id='word_1_349' title='bbox 76 2222 210 2259; x_wconf 83' lang='lat' dir='ltr'>tarium</span> <span class='ocrx_word' id='word_1_350' title='bbox 235 2230 355 2271; x_wconf 90' lang='lat' dir='ltr'>potest</span> <span class='ocrx_word' id='word_1_351' title='bbox 386 2234 464 2259; x_wconf 91' lang='lat' dir='ltr'>esse</span> <span class='ocrx_word' id='word_1_352' title='bbox 491 2223 625 2271; x_wconf 86' lang='lat' dir='ltr'>absque</span> <span class='ocrx_word' id='word_1_353' title='bbox 653 2232 755 2266; x_wconf 80' lang='lat' dir='ltr'>actu3</span> <span class='ocrx_word' id='word_1_354' title='bbox 782 2223 1000 2271; x_wconf 81' lang='lat' dir='ltr'>quandoque</span> <span class='ocrx_word' id='word_1_355' title='bbox 1028 2224 1176 2270; x_wconf 88' lang='lat' dir='ltr'>quidem</span> <span class='ocrx_word' id='word_1_356' title='bbox 1215 2223 1349 2270; x_wconf 84' lang='lat' dir='ltr'>absque</span> <span class='ocrx_word' id='word_1_357' title='bbox 1377 2231 1459 2258; x_wconf 84' lang='lat' dir='ltr'>actu</span> <span class='ocrx_word' id='word_1_358' title='bbox 1488 2222 1658 2258; x_wconf 75' lang='lat' dir='ltr'>exteriori</span> 
     </span>
     <span class='ocr_line' id='line_1_35' title="bbox 79 2276 1657 2325; baseline -0.001 -13"><span class='ocrx_word' id='word_1_359' title='bbox 79 2287 164 2313; x_wconf 88' lang='lat' dir='ltr'>cum</span> <span class='ocrx_word' id='word_1_360' title='bbox 186 2284 269 2312; x_wconf 85' lang='lat' dir='ltr'>actu</span> <span class='ocrx_word' id='word_1_361' title='bbox 288 2276 463 2320; x_wconf 83' lang='lat' dir='ltr'>interiori,</span> <span class='ocrx_word' id='word_1_362' title='bbox 485 2277 577 2312; x_wconf 85' lang='lat' dir='ltr'>sicut</span> <span class='ocrx_word' id='word_1_363' title='bbox 595 2288 679 2312; x_wconf 92' lang='lat' dir='ltr'>cum</span> <span class='ocrx_word' id='word_1_364' title='bbox 698 2277 775 2312; x_wconf 87' lang='lat' dir='ltr'>vult</span> <span class='ocrx_word' id='word_1_365' title='bbox 792 2288 865 2312; x_wconf 90' lang='lat' dir='ltr'>non</span> <span class='ocrx_word' id='word_1_366' title='bbox 887 2289 1014 2324; x_wconf 85' lang='lat' dir='ltr'>agere;</span> <span class='ocrx_word' id='word_1_367' title='bbox 1034 2277 1229 2325; x_wconf 85' lang='lat' dir='ltr'>aliquando</span> <span class='ocrx_word' id='word_1_368' title='bbox 1250 2286 1370 2312; x_wconf 81' lang='lat' dir='ltr'>autem</span> <span class='ocrx_word' id='word_1_369' title='bbox 1390 2277 1500 2312; x_wconf 84' lang='lat' dir='ltr'>etiam</span> <span class='ocrx_word' id='word_1_370' title='bbox 1523 2277 1657 2324; x_wconf 89' lang='lat' dir='ltr'>absque</span> 
     </span>
     <span class='ocr_line' id='line_1_36' title="bbox 80 2331 912 2378; baseline -0.002 -10"><span class='ocrx_word' id='word_1_371' title='bbox 80 2339 163 2368; x_wconf 84' lang='lat' dir='ltr'>actu</span> <span class='ocrx_word' id='word_1_372' title='bbox 183 2331 357 2375; x_wconf 87' lang='lat' dir='ltr'>interiori,</span> <span class='ocrx_word' id='word_1_373' title='bbox 379 2331 473 2366; x_wconf 89' lang='lat' dir='ltr'>sicut</span> <span class='ocrx_word' id='word_1_374' title='bbox 494 2342 577 2366; x_wconf 87' lang='lat' dir='ltr'>cum</span> <span class='ocrx_word' id='word_1_375' title='bbox 600 2342 674 2376; x_wconf 87' lang='lat' dir='ltr'>non</span> <span class='ocrx_word' id='word_1_376' title='bbox 696 2331 773 2366; x_wconf 83' lang='lat' dir='ltr'>vult</span> <span class='ocrx_word' id='word_1_377' title='bbox 795 2342 912 2378; x_wconf 87' lang='lat' dir='ltr'>agere.</span> 
     </span>
    </p>

    <p class='ocr_par' dir='ltr' id='par_1_12' title="bbox 0 2383 1658 2541">
     <span class='ocr_line' id='line_1_37' title="bbox 0 2383 1658 2433; baseline -0.001 -12"><span class='ocrx_word' id='word_1_378' title='bbox 0 2396 2 2431; x_wconf 54' lang='grc' dir='ltr'>ῃ</span> <span class='ocrx_word' id='word_1_379' title='bbox 150 2383 212 2421; x_wconf 84' lang='lat' dir='ltr'>AD</span> <span class='ocrx_word' id='word_1_380' title='bbox 225 2394 375 2422; x_wconf 67' lang='lat' dir='ltr'>Panum</span> <span class='ocrx_word' id='word_1_381' title='bbox 389 2395 477 2432; x_wconf 89' lang='lat' dir='ltr'>ergo</span> <span class='ocrx_word' id='word_1_382' title='bbox 495 2385 702 2428; x_wconf 89' lang='lat' dir='ltr'>dicendum,</span> <span class='ocrx_word' id='word_1_383' title='bbox 718 2385 1076 2433; x_wconf 86' lang='lat' dir='ltr'>quod·voluntarium</span> <span class='ocrx_word' id='word_1_384' title='bbox 1092 2385 1233 2428; x_wconf 88' lang='lat' dir='ltr'>dicitur,</span> <span class='ocrx_word' id='word_1_385' title='bbox 1244 2396 1318 2420; x_wconf 92' lang='lat' dir='ltr'>non</span> <span class='ocrx_word' id='word_1_386' title='bbox 1335 2385 1456 2420; x_wconf 89' lang='lat' dir='ltr'>solum</span> <span class='ocrx_word' id='word_1_387' title='bbox 1471 2385 1568 2433; x_wconf 90' lang='lat' dir='ltr'>quod</span> <span class='ocrx_word' id='word_1_388' title='bbox 1580 2396 1658 2432; x_wconf 88' lang='lat' dir='ltr'>pro-</span> 
     </span>
     <span class='ocr_line' id='line_1_38' title="bbox 79 2438 1655 2487; baseline -0.001 -13"><span class='ocrx_word' id='word_1_389' title='bbox 79 2438 176 2475; x_wconf 85' lang='lat' dir='ltr'>cedit</span> <span class='ocrx_word' id='word_1_390' title='bbox 196 2450 217 2474; x_wconf 91' lang='lat' dir='ltr'>a</span> <span class='ocrx_word' id='word_1_391' title='bbox 237 2438 425 2474; x_wconf 82' lang='lat' dir='ltr'>voluntate</span> <span class='ocrx_word' id='word_1_392' title='bbox 447 2438 582 2474; x_wconf 89' lang='lat' dir='ltr'>directe</span> <span class='ocrx_word' id='word_1_393' title='bbox 604 2439 697 2475; x_wconf 89' lang='lat' dir='ltr'>sicut</span> <span class='ocrx_word' id='word_1_394' title='bbox 715 2439 757 2474; x_wconf 85' lang='lat' dir='ltr'>ab</span> <span class='ocrx_word' id='word_1_395' title='bbox 778 2448 919 2487; x_wconf 87' lang='lat' dir='ltr'>agente,</span> <span class='ocrx_word' id='word_1_396' title='bbox 939 2439 1001 2475; x_wconf 86' lang='lat' dir='ltr'>sed</span> <span class='ocrx_word' id='word_1_397' title='bbox 1021 2439 1130 2475; x_wconf 88' lang='lat' dir='ltr'>etiam</span> <span class='ocrx_word' id='word_1_398' title='bbox 1150 2439 1248 2487; x_wconf 89' lang='lat' dir='ltr'>quod</span> <span class='ocrx_word' id='word_1_399' title='bbox 1267 2448 1320 2474; x_wconf 87' lang='lat' dir='ltr'>est</span> <span class='ocrx_word' id='word_1_400' title='bbox 1339 2439 1381 2474; x_wconf 85' lang='lat' dir='ltr'>ab</span> <span class='ocrx_word' id='word_1_401' title='bbox 1405 2450 1447 2474; x_wconf 85' lang='lat' dir='ltr'>ea</span> <span class='ocrx_word' id='word_1_402' title='bbox 1468 2439 1655 2481; x_wconf 85' lang='lat' dir='ltr'>indirecte,</span> 
     </span>
     <span class='ocr_line' id='line_1_39' title="bbox 80 2492 475 2541; baseline -0.003 -13"><span class='ocrx_word' id='word_1_403' title='bbox 80 2492 175 2529; x_wconf 84' lang='lat' dir='ltr'>sicut</span> <span class='ocrx_word' id='word_1_404' title='bbox 194 2504 216 2528; x_wconf 89' lang='lat' dir='ltr'>a</span> <span class='ocrx_word' id='word_1_405' title='bbox 235 2504 311 2528; x_wconf 88' lang='lat' dir='ltr'>non</span> <span class='ocrx_word' id='word_1_406' title='bbox 333 2500 475 2541; x_wconf 89' lang='lat' dir='ltr'>agente.</span> 
     </span>
    </p>

    <p class='ocr_par' dir='ltr' id='par_1_13' title="bbox 78 2546 1659 2863">
     <span class='ocr_line' id='line_1_40' title="bbox 150 2546 1658 2596; baseline 0 -14"><span class='ocrx_word' id='word_1_407' title='bbox 150 2546 212 2583; x_wconf 82' lang='lat' dir='ltr'>An</span> <span class='ocrx_word' id='word_1_408' title='bbox 230 2556 439 2584; x_wconf 71' lang='lat' dir='ltr'>SECUNDUM</span> <span class='ocrx_word' id='word_1_409' title='bbox 453 2546 661 2591; x_wconf 87' lang='lat' dir='ltr'>dicendum,</span> <span class='ocrx_word' id='word_1_410' title='bbox 683 2547 780 2595; x_wconf 92' lang='lat' dir='ltr'>quod</span> <span class='ocrx_word' id='word_1_411' title='bbox 799 2559 863 2583; x_wconf 87' lang='lat' dir='ltr'>non</span> <span class='ocrx_word' id='word_1_412' title='bbox 881 2548 963 2584; x_wconf 60' lang='lat' dir='ltr'>wll:</span> <span class='ocrx_word' id='word_1_413' title='bbox 977 2548 1108 2583; x_wconf 87' lang='lat' dir='ltr'>dicitur</span> <span class='ocrx_word' id='word_1_414' title='bbox 1126 2548 1313 2596; x_wconf 75' lang='lat' dir='ltr'>dupliciter.</span> <span class='ocrx_word' id='word_1_415' title='bbox 1339 2549 1412 2585; x_wconf 82' lang='lat' dir='ltr'>Uno</span> <span class='ocrx_word' id='word_1_416' title='bbox 1428 2547 1533 2590; x_wconf 78' lang='lat' dir='ltr'>modo,</span> <span class='ocrx_word' id='word_1_417' title='bbox 1551 2555 1658 2595; x_wconf 84' lang='lat' dir='ltr'>prout</span> 
     </span>
     <span class='ocr_line' id='line_1_41' title="bbox 78 2599 1655 2649; baseline 0 -13"><span class='ocrx_word' id='word_1_418' title='bbox 78 2601 232 2637; x_wconf 83' lang='lat' dir='ltr'>sumitur</span> <span class='ocrx_word' id='word_1_419' title='bbox 244 2599 280 2636; x_wconf 89' lang='lat' dir='ltr'>in</span> <span class='ocrx_word' id='word_1_420' title='bbox 294 2601 330 2636; x_wconf 85' lang='lat' dir='ltr'>vi</span> <span class='ocrx_word' id='word_1_421' title='bbox 348 2600 454 2636; x_wconf 90' lang='lat' dir='ltr'>unius</span> <span class='ocrx_word' id='word_1_422' title='bbox 467 2600 648 2645; x_wconf 84' lang='lat' dir='ltr'>dictionis,</span> <span class='ocrx_word' id='word_1_423' title='bbox 663 2601 863 2637; x_wconf 85' lang='lat' dir='ltr'>secundum</span> <span class='ocrx_word' id='word_1_424' title='bbox 883 2601 981 2649; x_wconf 90' lang='lat' dir='ltr'>quod</span> <span class='ocrx_word' id='word_1_425' title='bbox 997 2611 1050 2637; x_wconf 88' lang='lat' dir='ltr'>est</span> <span class='ocrx_word' id='word_1_426' title='bbox 1065 2601 1282 2637; x_wconf 83' lang='lat' dir='ltr'>infinitivum</span> <span class='ocrx_word' id='word_1_427' title='bbox 1301 2603 1408 2648; x_wconf 82' lang='lat' dir='ltr'>hujus</span> <span class='ocrx_word' id='word_1_428' title='bbox 1423 2602 1539 2637; x_wconf 77' lang='lat' dir='ltr'>verbi:</span> <span class='ocrx_word' id='word_1_429' title='bbox 1559 2601 1633 2636; x_wconf 79' lang='lat' dir='ltr'>nolo</span> <span class='ocrx_word' id='word_1_430' title='bbox 1643 2614 1655 2643; x_wconf 77' lang='grc'>,-</span> 
     </span>
     <span class='ocr_line' id='line_1_42' title="bbox 79 2654 1655 2703; baseline 0 -13"><span class='ocrx_word' id='word_1_431' title='bbox 79 2654 174 2691; x_wconf 87' lang='lat' dir='ltr'>unde</span> <span class='ocrx_word' id='word_1_432' title='bbox 195 2654 288 2691; x_wconf 89' lang='lat' dir='ltr'>sicut</span> <span class='ocrx_word' id='word_1_433' title='bbox 309 2666 393 2690; x_wconf 93' lang='lat' dir='ltr'>cum</span> <span class='ocrx_word' id='word_1_434' title='bbox 415 2654 516 2690; x_wconf 84' lang='lat' dir='ltr'>dico:</span> <span class='ocrx_word' id='word_1_435' title='bbox 540 2655 625 2691; x_wconf 67' lang='lat' dir='ltr'><strong><em>Nolo</em></strong></span> <span class='ocrx_word' id='word_1_436' title='bbox 647 2656 761 2703; x_wconf 53' lang='lat' dir='ltr'>legare,</span> <span class='ocrx_word' id='word_1_437' title='bbox 786 2667 912 2691; x_wconf 90' lang='lat' dir='ltr'>sensus</span> <span class='ocrx_word' id='word_1_438' title='bbox 935 2664 1005 2691; x_wconf 85' lang='lat' dir='ltr'>est:</span> <span class='ocrx_word' id='word_1_439' title='bbox 1036 2656 1114 2690; x_wconf 73' lang='lat' dir='ltr'>Volo</span> <span class='ocrx_word' id='word_1_440' title='bbox 1140 2668 1205 2691; x_wconf 73' lang='lat' dir='ltr'>non</span> <span class='ocrx_word' id='word_1_441' title='bbox 1232 2657 1355 2703; x_wconf 60' lang='lat' dir='ltr'>Lgcrc:</span> <span class='ocrx_word' id='word_1_442' title='bbox 1383 2656 1431 2691; x_wconf 77' lang='lat' dir='ltr'>ita</span> <span class='ocrx_word' id='word_1_443' title='bbox 1459 2656 1530 2690; x_wconf 84' lang='lat' dir='ltr'>hoc</span> <span class='ocrx_word' id='word_1_444' title='bbox 1558 2655 1655 2702; x_wconf 92' lang='lat' dir='ltr'>quod</span> 
     </span>
     <span class='ocr_line' id='line_1_43' title="bbox 79 2705 1658 2756; baseline 0 -12"><span class='ocrx_word' id='word_1_445' title='bbox 79 2714 149 2745; x_wconf 72' lang='lat' dir='ltr'>estz</span> <span class='ocrx_word' id='word_1_446' title='bbox 170 2719 236 2744; x_wconf 84' lang='lat' dir='ltr'>non</span> <span class='ocrx_word' id='word_1_447' title='bbox 256 2705 337 2744; x_wconf 77' lang='lat' dir='ltr'>velle</span> <span class='ocrx_word' id='word_1_448' title='bbox 357 2708 472 2756; x_wconf 55' lang='lat' dir='ltr'>lxgcrae,</span> <span class='ocrx_word' id='word_1_449' title='bbox 495 2708 692 2756; x_wconf 82' lang='lat' dir='ltr'>significat:</span> <span class='ocrx_word' id='word_1_450' title='bbox 720 2709 800 2745; x_wconf 64' lang='lat' dir='ltr'>valle</span> <span class='ocrx_word' id='word_1_451' title='bbox 826 2721 890 2744; x_wconf 78' lang='lat' dir='ltr'>non</span> <span class='ocrx_word' id='word_1_452' title='bbox 917 2710 1039 2755; x_wconf 59' lang='lat' dir='ltr'>legere.-</span> <span class='ocrx_word' id='word_1_453' title='bbox 1067 2718 1102 2745; x_wconf 86' lang='lat' dir='ltr'>et</span> <span class='ocrx_word' id='word_1_454' title='bbox 1128 2710 1178 2745; x_wconf 89' lang='lat' dir='ltr'>sic</span> <span class='ocrx_word' id='word_1_455' title='bbox 1207 2722 1271 2745; x_wconf 81' lang='lat' dir='ltr'>non</span> <span class='ocrx_word' id='word_1_456' title='bbox 1299 2711 1378 2745; x_wconf 47' lang='lat' dir='ltr'>zell.-</span> <span class='ocrx_word' id='word_1_457' title='bbox 1407 2715 1532 2744; x_wconf 82' lang='lat' dir='ltr'>causat</span> <span class='ocrx_word' id='word_1_458' title='bbox 1558 2709 1658 2744; x_wconf 83' lang='lat' dir='ltr'>invo-</span> 
     </span>
     <span class='ocr_line' id='line_1_44' title="bbox 78 2760 1659 2812; baseline -0.001 -14"><span class='ocrx_word' id='word_1_459' title='bbox 78 2760 287 2812; x_wconf 63' lang='lat' dir='ltr'>inmarium.</span> <span class='ocrx_word' id='word_1_460' title='bbox 309 2762 389 2798; x_wconf 78' lang='lat' dir='ltr'>Alio</span> <span class='ocrx_word' id='word_1_461' title='bbox 408 2762 503 2798; x_wconf 88' lang='lat' dir='ltr'>modo</span> <span class='ocrx_word' id='word_1_462' title='bbox 517 2763 671 2798; x_wconf 88' lang='lat' dir='ltr'>sumitur</span> <span class='ocrx_word' id='word_1_463' title='bbox 685 2763 720 2798; x_wconf 94' lang='lat' dir='ltr'>in</span> <span class='ocrx_word' id='word_1_464' title='bbox 739 2763 774 2798; x_wconf 86' lang='lat' dir='ltr'>vi</span> <span class='ocrx_word' id='word_1_465' title='bbox 793 2763 987 2806; x_wconf 81' lang='lat' dir='ltr'>orationis;</span> <span class='ocrx_word' id='word_1_466' title='bbox 1008 2771 1042 2799; x_wconf 92' lang='lat' dir='ltr'>et</span> <span class='ocrx_word' id='word_1_467' title='bbox 1060 2772 1145 2798; x_wconf 90' lang='lat' dir='ltr'>tunc</span> <span class='ocrx_word' id='word_1_468' title='bbox 1165 2775 1238 2798; x_wconf 89' lang='lat' dir='ltr'>non</span> <span class='ocrx_word' id='word_1_469' title='bbox 1259 2763 1459 2798; x_wconf 84' lang='lat' dir='ltr'>affirmatur</span> <span class='ocrx_word' id='word_1_470' title='bbox 1477 2771 1577 2798; x_wconf 84' lang='lat' dir='ltr'>actus</span> <span class='ocrx_word' id='word_1_471' title='bbox 1595 2774 1659 2797; x_wconf 78' lang='lat' dir='ltr'>vo-</span> 
     </span>
     <span class='ocr_line' id='line_1_45' title="bbox 79 2813 1272 2863; baseline 0 -11"><span class='ocrx_word' id='word_1_472' title='bbox 79 2813 244 2852; x_wconf 82' lang='lat' dir='ltr'>luntatis:</span> <span class='ocrx_word' id='word_1_473' title='bbox 267 2822 303 2852; x_wconf 87' lang='lat' dir='ltr'>et</span> <span class='ocrx_word' id='word_1_474' title='bbox 322 2815 535 2863; x_wconf 84' lang='lat' dir='ltr'>hujusmodi</span> <span class='ocrx_word' id='word_1_475' title='bbox 555 2827 620 2851; x_wconf 86' lang='lat' dir='ltr'>non</span> <span class='ocrx_word' id='word_1_476' title='bbox 637 2816 718 2853; x_wconf 69' lang='lat' dir='ltr'>velle</span> <span class='ocrx_word' id='word_1_477' title='bbox 738 2828 812 2852; x_wconf 89' lang='lat' dir='ltr'>non</span> <span class='ocrx_word' id='word_1_478' title='bbox 833 2825 958 2852; x_wconf 82' lang='lat' dir='ltr'>causat</span> <span class='ocrx_word' id='word_1_479' title='bbox 975 2817 1272 2852; x_wconf 81' lang='lat' dir='ltr'>involuntarium.</span> 
     </span>
    </p>

    <p class='ocr_par' dir='ltr' id='par_1_14' title="bbox 82 2868 1656 2972">
     <span class='ocr_line' id='line_1_46' title="bbox 150 2868 1654 2919; baseline -0.001 -12"><span class='ocrx_word' id='word_1_480' title='bbox 150 2868 212 2907; x_wconf 83' lang='lat' dir='ltr'>AD</span> <span class='ocrx_word' id='word_1_481' title='bbox 238 2879 412 2907; x_wconf 68' lang='lat' dir='ltr'>TERTIUM</span> <span class='ocrx_word' id='word_1_482' title='bbox 433 2869 642 2914; x_wconf 89' lang='lat' dir='ltr'>dicendum,</span> <span class='ocrx_word' id='word_1_483' title='bbox 664 2871 760 2918; x_wconf 92' lang='lat' dir='ltr'>quod</span> <span class='ocrx_word' id='word_1_484' title='bbox 784 2881 828 2906; x_wconf 88' lang='lat' dir='ltr'>eo</span> <span class='ocrx_word' id='word_1_485' title='bbox 852 2871 964 2906; x_wconf 86' lang='lat' dir='ltr'>modo</span> <span class='ocrx_word' id='word_1_486' title='bbox 993 2871 1185 2919; x_wconf 85' lang='lat' dir='ltr'>requiritur</span> <span class='ocrx_word' id='word_1_487' title='bbox 1213 2871 1255 2905; x_wconf 83' lang='lat' dir='ltr'>ad</span> <span class='ocrx_word' id='word_1_488' title='bbox 1283 2869 1530 2906; x_wconf 78' lang='lat' dir='ltr'>voluntarium</span> <span class='ocrx_word' id='word_1_489' title='bbox 1554 2878 1654 2905; x_wconf 83' lang='lat' dir='ltr'>actus</span> 
     </span>
     <span class='ocr_line' id='line_1_47' title="bbox 82 2921 1656 2972; baseline 0 -13"><span class='ocrx_word' id='word_1_490' title='bbox 82 2921 314 2971; x_wconf 79' lang='lat' dir='ltr'>cognitionis,</span> <span class='ocrx_word' id='word_1_491' title='bbox 335 2923 427 2960; x_wconf 88' lang='lat' dir='ltr'>sicut</span> <span class='ocrx_word' id='word_1_492' title='bbox 447 2930 483 2960; x_wconf 83' lang='lat' dir='ltr'>et</span> <span class='ocrx_word' id='word_1_493' title='bbox 505 2931 605 2960; x_wconf 87' lang='lat' dir='ltr'>actus</span> <span class='ocrx_word' id='word_1_494' title='bbox 618 2923 832 2967; x_wconf 87' lang='lat' dir='ltr'>voluntatis;</span> <span class='ocrx_word' id='word_1_495' title='bbox 854 2933 892 2960; x_wconf 91' lang='lat' dir='ltr'>ut</span> <span class='ocrx_word' id='word_1_496' title='bbox 914 2923 1054 2960; x_wconf 90' lang='lat' dir='ltr'>scilicet</span> <span class='ocrx_word' id='word_1_497' title='bbox 1075 2925 1118 2960; x_wconf 89' lang='lat' dir='ltr'>sit</span> <span class='ocrx_word' id='word_1_498' title='bbox 1140 2925 1174 2959; x_wconf 89' lang='lat' dir='ltr'>in</span> <span class='ocrx_word' id='word_1_499' title='bbox 1198 2933 1377 2972; x_wconf 82' lang='lat' dir='ltr'>potestate</span> <span class='ocrx_word' id='word_1_500' title='bbox 1396 2924 1548 2971; x_wconf 82' lang='lat' dir='ltr'>alicujus</span> <span class='ocrx_word' id='word_1_501' title='bbox 1572 2935 1656 2959; x_wconf 92' lang='lat' dir='ltr'>con-</span> 
     </span>
    </p>
   </div>
   <div class='ocr_carea' id='block_1_7' title="bbox 15 2124 28 2148">
    <p class='ocr_par' dir='ltr' id='par_1_15' title="bbox 15 2124 28 2148">
     <span class='ocr_line' id='line_1_48' title="bbox 15 2124 28 2148; textangle 90"><span class='ocrx_word' id='word_1_502' title='bbox 15 2124 28 2148; x_wconf 52' lang='grc' dir='ltr'>Ἥ</span> 
     </span>
    </p>
   </div>
  </div>
 </body>
</html>
