1907 3182
247 176 325 218 188
665 188 886 224 QUAESTIO
920 189 1024 219 xxti.
1058 189 1302 219 ARTICULUS
1335 189 1378 218 Π.

239 270 440 304 secundum
462 269 557 316 quod
579 269 706 315 recipit
726 269 969 304 intensionem
992 269 1059 312 rei3
1083 278 1117 304 et
1133 270 1205 304 hoc
1233 281 1296 316 per
1317 280 1354 304 se
1376 269 1555 304 invenitur
1579 270 1616 304 in
1638 277 1719 304 actu
1742 280 1798 316 ap-

240 323 477 369 prehensivae
497 323 637 357 virtutis
653 323 859 357 sensitivae:
880 323 972 357 sicut
987 323 1113 357 oculus
1128 323 1339 356 immutatur
1354 335 1372 356 a
1386 322 1526 366 visibili,
1541 334 1615 357 non
1633 323 1682 357 ita
1700 323 1797 368 quod

241 376 433 418 coloretur,
456 377 517 410 sed
539 377 586 410 ita
609 376 705 422 quod
729 376 877 422 recipiat
898 376 1142 410 intensionem
1164 375 1314 411 coloris:
1339 384 1391 410 est
1412 384 1532 411 autem
1555 384 1588 410 et
1609 377 1678 410 alia
1697 383 1797 410 natu-

239 430 322 464 ralis
344 430 597 464 transmutatio
626 429 764 475 organi,
792 437 898 475 prout
925 441 1103 475 organum
1134 437 1393 463 transmutatur
1420 438 1594 476 quantum
1626 430 1668 463 ad
1695 441 1796 463 suam

239 482 440 517 naturalem
464 483 758 529 dispositionem:
782 491 865 528 puta
889 483 983 528 quod
1008 482 1135 524 calefit,
1163 491 1222 516 aut
1249 482 1484 528 infrigidatur,
1505 483 1562 517 vel
1589 483 1660 517 alio
1688 483 1797 517 modo

239 536 348 570 simili
377 544 653 570 transmutatur:
686 544 719 570 et
748 536 958 580 hujusmodi
987 536 1240 570 transmutatio
1267 547 1330 582 per
1359 536 1524 570 accidens
1554 548 1592 570 se
1619 536 1728 570 habet
1755 535 1797 570 ad

240 597 360 624 actum
383 590 664 636 apprehensivae
687 589 826 623 virtutis
849 589 1056 623 sensitivae:
1081 597 1165 635 puta
1188 601 1271 623 cum
1298 589 1424 624 oculus
1451 589 1620 635 fatigatur
1647 601 1689 624 ex
1714 588 1799 623 forti

237 643 379 685 intuitu,
401 643 459 677 vel
481 643 686 677 dissolvitur
715 654 755 676 ex
777 642 1007 676 vehementia
1029 642 1195 676 visibilis:
1219 642 1280 676 sed
1309 643 1351 676 ad
1375 651 1494 677 actum
1522 643 1697 689 appetitus
1723 653 1799 677 sen-

237 696 332 731 sitivi
354 708 417 743 per
438 708 474 730 se
498 697 683 731 ordinatur
704 695 915 741 hujusmodi
935 697 1209 730 transmutatio:
1233 696 1326 730 unde
1345 696 1380 730 in
1405 696 1611 731 definitione
1630 704 1798 730 motuum

238 750 453 796 appetitivae
475 750 583 796 partis
605 749 838 783 materialiter
859 749 1004 796 ponitur
1027 749 1145 796 aliqua
1167 749 1339 784 naturalis
1366 751 1620 784 transmutatio
1649 750 1796 796 organi:

237 804 330 839 sicut
351 804 490 846 dicitur,
512 804 608 850 quod
624 804 675 837 ira
697 812 750 838 est
770 805 917 838 accensio
935 805 1104 850 sanguinis
1125 805 1215 839 circa
1237 816 1311 845 sor,
1343 804 1437 838 unde
1459 812 1566 850 patet,
1585 805 1681 851 quod
1707 804 1798 838 ratio

237 857 415 904 passionis
437 858 553 903 magis
575 857 754 891 invenitur
775 857 811 891 in
834 865 916 891 actu
938 857 1129 892 sensitivae
1143 857 1283 892 virtutis
1298 858 1524 904 appetitivae‚
1543 869 1652 904 quam
1665 858 1702 892 in
1717 865 1798 892 actu

237 911 427 946 sensitivae
452 911 592 945 virtutis
611 910 913 958 apprehensivaeg
935 910 1020 945 licet
1041 919 1191 958 utraque
1218 911 1262 946 sit
1285 919 1384 946 actus
1407 912 1536 957 organi
1558 911 1767 958 corporalis.

788 1058 1135 1104 ARTICULUS
1168 1059 1247 1103 ΠΙ.
1737 1081 1799 1118 137

422 1174 574 1204 UTRUM
606 1174 754 1203 PASSIO
789 1174 856 1203 SIT
889 1174 1019 1203 MAGIS
1053 1174 1097 1203 IN
1129 1174 1346 1203 APPETITU
1379 1173 1622 1214 SENSITIVO,

489 1240 612 1275 QUAM
633 1240 969 1280 INTELLECTIVO,
994 1240 1070 1275 QUI
1098 1240 1280 1270 DICITUR
1300 1239 1549 1270 VOLUNTAS.

308 1338 368 1372 AD
391 1348 561 1373 TERTIUM
584 1338 634 1373 sic
656 1338 873 1385 proceditur.
896 1338 1059 1381 Videtur,
1082 1338 1178 1384 quod
1201 1338 1321 1385 passio
1342 1349 1417 1372 non
1437 1338 1553 1384 magis
1575 1338 1619 1373 sit
1639 1338 1676 1372 in
1698 1349 1802 1385 appe-

236 1391 301 1426 titu
323 1392 506 1434 sensitivo‚
529 1404 637 1438 quam
656 1393 693 1426 in
715 1393 872 1439 appetitu
895 1391 1135 1426 intellectivo:
1157 1392 1242 1426 dicit
1264 1392 1360 1426 enim
1376 1392 1485 1426 Dion.
1509 1402 1539 1426 2.
1560 1403 1637 1438 cap.
1653 1392 1696 1426 de
1714 1392 1798 1426 Div.

236 1446 346 1479 Nom.
374 1447 477 1492 (part.
499 1459 525 1481 1.
549 1446 617 1480 lact.
639 1446 703 1491 4),
726 1446 822 1492 quod
850 1446 1069 1480 Hierotheus
1089 1457 1130 1480 ex
1153 1445 1309 1492 quadam
1329 1454 1381 1480 est
1402 1445 1530 1480 doctus
1553 1445 1729 1479 diviniore
1751 1446 1801 1479 in-

237 1499 444 1545 spiratione,
459 1511 532 1534 non
547 1499 667 1533 solum
690 1499 842 1541 discens,
864 1499 925 1533 sed
948 1499 1057 1533 etiam
1076 1499 1214 1545 patiens
1230 1499 1367 1532 divina:
1384 1499 1445 1533 sed
1461 1499 1580 1545 passio
1595 1498 1800 1533 divinorum

236 1564 309 1586 non
325 1561 443 1599 potest
462 1553 638 1599 pertinere
658 1552 700 1586 ad
724 1553 921 1598 appetitum
944 1553 1166 1595 sensitivum,
1190 1553 1290 1597 cujus
1305 1552 1489 1597 objectum
1504 1560 1558 1586 est
1569 1552 1709 1586 bonum
1725 1563 1802 1587 sen-

238 1606 356 1650 sibile;
380 1618 466 1653 ergo
489 1607 607 1653 passio
631 1614 683 1640 est
704 1606 739 1640 in
763 1606 920 1652 appetitu
942 1605 1176 1648 intellectivo‚
1198 1606 1290 1640 sicut
1312 1614 1345 1640 et
1371 1607 1406 1639 in
1429 1605 1612 1640 sensitivo.

309 1671 340 1694 2.
362 1661 597 1695 PRAETEREA.
624 1660 773 1700 Quanto
791 1660 948 1694 activum
963 1668 1015 1694 est
1029 1660 1223 1706 potentius,
1241 1668 1342 1694 tanto
1357 1660 1477 1706 passio
1500 1668 1553 1694 est
1569 1659 1716 1694 fortior:
1736 1659 1798 1694 sed

240 1714 423 1760 obJectum
447 1714 623 1760 appetitus
646 1713 866 1755 intellectivi‚
887 1714 983 1759 quod
1003 1722 1056 1748 est
1068 1714 1207 1747 bonum
1222 1713 1436 1755 universale,
1455 1721 1508 1748 est
1522 1713 1704 1760 potentius
1721 1713 1804 1748 acti-

237 1779 336 1810 vum,
359 1779 467 1814 quam
496 1768 678 1813 objectum
706 1767 883 1814 appetitus
904 1767 1076 1809 sensitivi,
1099 1767 1194 1813 quod
1222 1775 1274 1801 est
1295 1766 1510 1813 particulare
1532 1767 1690 1809 bonum;
1713 1778 1800 1814 ergo

237 1821 327 1855 ratio
351 1822 528 1868 passionis
549 1822 665 1867 magis
681 1821 860 1855 invenitur
873 1821 908 1854 in
932 1821 1089 1867 appetitu
1111 1820 1344 1863 intellectivo,
1359 1832 1469 1867 quam
1490 1821 1526 1854 in
1549 1821 1706 1867 appetitu
1725 1831 1803 1855 sen-

237 1883 353 1909 sitivo.

315 1941 343 1975 3.
365 1929 602 1963 PRAETEREA.
633 1928 829 1970 Gaudium,
852 1936 886 1962 et
913 1939 1014 1962 amor
1029 1928 1215 1974 passiones
1231 1927 1409 1974 quaedam
1432 1938 1508 1962 esse
1531 1927 1715 1962 dicuntur:
1738 1927 1800 1962 sed

236 1982 327 2016 haec
350 1983 579 2017 inveniuntur
594 1982 628 2016 in
645 1982 803 2028 appetitu
825 1981 1059 2024 intellectivo,
1078 1990 1113 2016 et
1133 1993 1207 2016 non
1225 1981 1344 2016 solum
1366 1982 1402 2016 in
1421 1982 1612 2025 sensitivo3
1636 1981 1798 2028 alioquin

236 2048 310 2070 non
333 2036 607 2071 attribuerentur
628 2036 663 2069 in
686 2036 879 2082 Scripturis
900 2036 993 2078 Deo,
1017 2043 1051 2070 et
1072 2035 1245 2082 Angelis;
1269 2047 1356 2082 ergo
1378 2035 1565 2082 passiones
1586 2046 1660 2070 non
1683 2035 1800 2082 magis

237 2098 319 2124 sunt
339 2090 374 2123 in
398 2090 554 2136 appetitu
581 2089 764 2131 sensitivo,
787 2101 896 2135 quam
918 2089 952 2122 in
975 2089 1208 2124 intellectivo.

311 2144 384 2178 SED
405 2154 559 2179 CONTRA
582 2151 645 2185 est,
668 2143 764 2189 quod
780 2143 865 2177 dicit
886 2144 1138 2177 Damascenus
1156 2143 1192 2177 in
1216 2153 1246 2177 2.
1269 2143 1328 2177 lib.
1347 2142 1459 2187 (Orth.
1482 2142 1556 2178 Fid.
1574 2148 1644 2190 cap.
1660 2142 1730 2187 22.)
1745 2142 1801 2177 de-

238 2198 396 2232 scribens
412 2197 586 2231 animales
601 2198 786 2243 passiones
802 2209 808 2230 :
833 2198 944 2231 Passio
960 2203 1003 2232 est
1017 2201 1121 2231 motus
1134 2198 1330 2244 appetitiva&
1343 2198 1476 2231 virtutis
1492 2197 1650 2231 sensibilis
1670 2198 1705 2230 in
1719 2198 1802 2231 ima-

235 2253 404 2297 ginatione
426 2253 513 2294 lumi,
536 2252 588 2286 vul
610 2252 710 2291 midi,-
728 2259 762 2285 et
784 2250 902 2284 aliter:
926 2251 1036 2285 Passio
1059 2256 1102 2286 cst
1122 2256 1227 2285 motus
1248 2250 1458 2285 irrationalis
1475 2251 1606 2285 animae
1619 2256 1680 2297 per
1700 2262 1801 2285 susce-

234 2307 382 2352 ptionem
405 2307 492 2348 boni,
514 2311 541 2340 ct
564 2306 644 2339 mall
668 2305 853 2349 [Damasc.
876 2305 1002 2339 habet:
1026 2305 1063 2339 οἷν
1087 2305 1164 2339 honi
1183 2305 1236 2339 ‘vel
1258 2304 1338 2338 mali
1359 2304 1576 2350 opinionent}

310 2360 539 2394 Respoxmo
563 2359 768 2400 dicendum,
791 2358 899 2405 quod,
927 2358 1018 2392 sicut
1036 2359 1109 2403 jam
1125 2358 1261 2393 dictum
1276 2366 1329 2393 est
1352 2358 1431 2402 (art.
1454 2371 1480 2393 r.
1504 2358 1573 2404 huj.
1591 2369 1620 2404 q.
1640 2362 1668 2393 et
1689 2363 1752 2393 art.
1768 2370 1799 2393 2.

238 2413 354 2460 (1113),
379 2413 497 2460 passio
521 2413 663 2459 proprie
686 2413 874 2453 invenitur,
898 2412 957 2445 ubi
980 2420 1032 2446 est
1054 2412 1281 2446 trasmutatio
1304 2411 1514 2458 corporalis,
1538 2423 1629 2458 quae
1652 2411 1799 2458 quidem

239 2467 417 2501 invenitur
438 2467 473 2500 in
501 2466 636 2500 actibus
660 2465 836 2511 appetitus
863 2465 1034 2507 sensitivi‚
1063 2473 1097 2499 et
1117 2477 1191 2499 non
1214 2465 1333 2499 solum
1356 2464 1561 2511 spiritualis,
1584 2465 1675 2499 sicut
1693 2465 1800 2499 estin

241 2520 527 2566 apprehensione
550 2519 730 2560 sensitiva,
754 2519 814 2552 sed
842 2519 950 2552 etiam
977 2518 1166 2553 naturalis:
1190 2519 1225 2552 in
1253 2527 1334 2553 actu
1361 2527 1482 2553 autem
1505 2518 1681 2565 appetitus
1702 2517 1802 2552 intel-

239 2573 359 2607 lectivi
381 2585 453 2607 non
477 2573 667 2619 requiritur
690 2572 807 2618 aliqua
834 2572 1087 2606 transmutatio
1116 2572 1333 2618 corporalis:
1357 2573 1440 2618 quia
1466 2572 1675 2618 hujusmodi
1698 2582 1802 2618 appe-

241 2627 323 2661 titus
350 2639 423 2661 non
446 2635 499 2661 est
516 2627 627 2660 virtus
650 2626 799 2671 alicujus
826 2626 976 2670 organi3
1004 2627 1096 2660 unde
1119 2634 1226 2672 patet,
1255 2626 1351 2673 quod
1374 2626 1464 2660 ratio
1487 2626 1663 2673 passionis
1685 2626 1801 2672 magis

241 2681 382 2727 proprie
403 2680 582 2714 invenitur
600 2680 634 2713 in
651 2687 731 2713 actu
752 2680 927 2726 appetitus
955 2680 1124 2721 sensitivi,
1144 2691 1252 2725 quam
1275 2679 1497 2722 intellectivi,
1516 2688 1553 2714 ut
1575 2679 1683 2714 etiam
1706 2687 1802 2726 patet

240 2742 302 2780 per
324 2734 550 2768 definitiones
572 2733 793 2767 Damasceni
816 2733 979 2767 inductas
1001 2734 1052 2778 (in
1071 2745 1141 2778 arg.
1168 2733 1219 2767 scd
1245 2735 1358 2779 cont).

312 2789 371 2822 AD
393 2798 542 2822 PRIMUM
565 2798 651 2831 ergo
675 2787 879 2828 dicendum,
903 2787 998 2832 quod
1015 2788 1124 2832 past-io
1151 2787 1342 2821 divinorimae
1367 2787 1414 2821 ibi
1435 2786 1563 2821 dicitur
1590 2785 1734 2822 affectio
1757 2786 1799 2820 ad

242 2841 373 2883 divina,
393 2850 427 2876 ct
449 2841 656 2887 conjunctio
673 2841 715 2875 ad
731 2841 806 2886 ipsa
823 2852 884 2887 per
901 2851 1082 2875 amorem:
1107 2841 1202 2887 quod
1217 2849 1338 2875 tamen
1354 2840 1391 2876 fit
1412 2841 1488 2876 sine
1502 2840 1800 2876 transmutatione

243 2895 432 2942 corporali.
