<?xml version="1.0" encoding="UTF-8"?>
<!DOCTYPE html PUBLIC "-//W3C//DTD XHTML 1.0 Transitional//EN"
    "http://www.w3.org/TR/xhtml1/DTD/xhtml1-transitional.dtd">
<html xmlns="http://www.w3.org/1999/xhtml" xml:lang="en" lang="en">
 <head>
  <title>
</title>
<meta http-equiv="Content-Type" content="text/html;charset=utf-8" />
  <meta name='ocr-system' content='tesseract 3.04.00' />
  <meta name='ocr-capabilities' content='ocr_page ocr_carea ocr_par ocr_line ocrx_word'/>
</head>
<body>
  <div class='ocr_page' id='page_1' title='image "./divithomaeaquina02thomuoft_0284.png"; bbox 0 0 1907 3182; ppageno 0'>
   <div class='ocr_carea' id='block_1_1' title="bbox 241 196 1392 241">
    <p class='ocr_par' dir='ltr' id='par_1_1' title="bbox 241 196 1392 241">
     <span class='ocr_line' id='line_1_1' title="bbox 241 196 1392 241; baseline -0.003 -4"><span class='ocrx_word' id='word_1_1' title='bbox 241 196 325 237; x_wconf 85' lang='lat'>280</span> <span class='ocrx_word' id='word_1_2' title='bbox 638 205 858 241; x_wconf 86' lang='lat' dir='ltr'><strong>QUAESTIO</strong></span> <span class='ocrx_word' id='word_1_3' title='bbox 891 205 1054 234; x_wconf 83' lang='lat' dir='ltr'>XXXVII.</span> <span class='ocrx_word' id='word_1_4' title='bbox 1089 203 1332 234; x_wconf 84' lang='lat' dir='ltr'><strong>ARTICULUS</strong></span> <span class='ocrx_word' id='word_1_5' title='bbox 1365 203 1392 234; x_wconf 88' lang='grc' dir='ltr'>Ι.</span> 
     </span>
    </p>
   </div>
   <div class='ocr_carea' id='block_1_2' title="bbox 239 284 1800 601">
    <p class='ocr_par' dir='ltr' id='par_1_2' title="bbox 239 284 1800 601">
     <span class='ocr_line' id='line_1_2' title="bbox 240 284 1796 335; baseline -0.004 -11"><span class='ocrx_word' id='word_1_6' title='bbox 240 290 364 324; x_wconf 87' lang='lat' dir='ltr'>terior:</span> <span class='ocrx_word' id='word_1_7' title='bbox 388 289 448 335; x_wconf 89' lang='lat' dir='ltr'>qui</span> <span class='ocrx_word' id='word_1_8' title='bbox 468 297 590 323; x_wconf 88' lang='lat' dir='ltr'>tamen</span> <span class='ocrx_word' id='word_1_9' title='bbox 610 296 663 323; x_wconf 89' lang='lat' dir='ltr'>est</span> <span class='ocrx_word' id='word_1_10' title='bbox 680 289 796 333; x_wconf 66' lang='lat' dir='ltr'>maior</span> <span class='ocrx_word' id='word_1_11' title='bbox 814 287 1013 322; x_wconf 89' lang='lat' dir='ltr'>secundum</span> <span class='ocrx_word' id='word_1_12' title='bbox 1030 285 1131 327; x_wconf 88' lang='lat' dir='ltr'>illud,</span> <span class='ocrx_word' id='word_1_13' title='bbox 1150 285 1245 331; x_wconf 90' lang='lat' dir='ltr'>quod</span> <span class='ocrx_word' id='word_1_14' title='bbox 1261 293 1313 319; x_wconf 90' lang='lat' dir='ltr'>est</span> <span class='ocrx_word' id='word_1_15' title='bbox 1326 284 1478 319; x_wconf 82' lang='lat' dir='ltr'>formale</span> <span class='ocrx_word' id='word_1_16' title='bbox 1493 284 1528 318; x_wconf 88' lang='lat' dir='ltr'>in</span> <span class='ocrx_word' id='word_1_17' title='bbox 1547 284 1685 326; x_wconf 89' lang='lat' dir='ltr'>dolore,</span> <span class='ocrx_word' id='word_1_18' title='bbox 1700 284 1796 330; x_wconf 90' lang='lat' dir='ltr'>quod</span> 
     </span>
     <span class='ocr_line' id='line_1_3' title="bbox 241 337 1796 388; baseline -0.004 -11"><span class='ocrx_word' id='word_1_19' title='bbox 241 351 293 378; x_wconf 90' lang='lat' dir='ltr'>est</span> <span class='ocrx_word' id='word_1_20' title='bbox 307 354 348 377; x_wconf 82' lang='lat' dir='ltr'>ex</span> <span class='ocrx_word' id='word_1_21' title='bbox 363 350 462 388; x_wconf 86' lang='lat' dir='ltr'>parte</span> <span class='ocrx_word' id='word_1_22' title='bbox 481 342 633 383; x_wconf 84' lang='lat' dir='ltr'>animae,</span> <span class='ocrx_word' id='word_1_23' title='bbox 650 349 683 376; x_wconf 89' lang='lat' dir='ltr'>et</span> <span class='ocrx_word' id='word_1_24' title='bbox 698 342 779 375; x_wconf 88' lang='lat' dir='ltr'>ideo</span> <span class='ocrx_word' id='word_1_25' title='bbox 795 340 899 375; x_wconf 89' lang='lat' dir='ltr'>dolor</span> <span class='ocrx_word' id='word_1_26' title='bbox 922 339 1120 386; x_wconf 88' lang='lat' dir='ltr'>corporalis</span> <span class='ocrx_word' id='word_1_27' title='bbox 1135 339 1250 384; x_wconf 89' lang='lat' dir='ltr'>magis</span> <span class='ocrx_word' id='word_1_28' title='bbox 1272 339 1421 385; x_wconf 89' lang='lat' dir='ltr'>impedit</span> <span class='ocrx_word' id='word_1_29' title='bbox 1437 337 1796 384; x_wconf 88' lang='lat' dir='ltr'>contemplationem,</span> 
     </span>
     <span class='ocr_line' id='line_1_4' title="bbox 240 391 1798 443; baseline -0.004 -12"><span class='ocrx_word' id='word_1_30' title='bbox 240 408 331 443; x_wconf 87' lang='lat' dir='ltr'>quae</span> <span class='ocrx_word' id='word_1_31' title='bbox 352 396 501 442; x_wconf 75' lang='lat' dir='ltr'><strong>requirit</strong></span> <span class='ocrx_word' id='word_1_32' title='bbox 526 395 777 430; x_wconf 79' lang='lat' dir='ltr'>omnimodam</span> <span class='ocrx_word' id='word_1_33' title='bbox 808 394 976 439; x_wconf 82' lang='lat' dir='ltr'>quietem,</span> <span class='ocrx_word' id='word_1_34' title='bbox 1008 404 1118 438; x_wconf 84' lang='lat' dir='ltr'>quam</span> <span class='ocrx_word' id='word_1_35' title='bbox 1149 392 1254 427; x_wconf 89' lang='lat' dir='ltr'>dolor</span> <span class='ocrx_word' id='word_1_36' title='bbox 1282 392 1449 426; x_wconf 88' lang='lat' dir='ltr'>interior:</span> <span class='ocrx_word' id='word_1_37' title='bbox 1479 400 1513 426; x_wconf 84' lang='lat' dir='ltr'>et</span> <span class='ocrx_word' id='word_1_38' title='bbox 1538 399 1661 426; x_wconf 85' lang='lat' dir='ltr'>tamen</span> <span class='ocrx_word' id='word_1_39' title='bbox 1687 391 1798 425; x_wconf 88' lang='lat' dir='ltr'>etiam</span> 
     </span>
     <span class='ocr_line' id='line_1_5' title="bbox 241 444 1799 492; baseline -0.004 -8"><span class='ocrx_word' id='word_1_40' title='bbox 241 449 345 484; x_wconf 86' lang='lat' dir='ltr'>dolor</span> <span class='ocrx_word' id='word_1_41' title='bbox 366 450 524 492; x_wconf 88' lang='lat' dir='ltr'>interior,</span> <span class='ocrx_word' id='word_1_42' title='bbox 556 450 584 483; x_wconf 90' lang='lat' dir='ltr'>si</span> <span class='ocrx_word' id='word_1_43' title='bbox 614 448 769 482; x_wconf 89' lang='lat' dir='ltr'>multum</span> <span class='ocrx_word' id='word_1_44' title='bbox 798 447 1012 488; x_wconf 80' lang='lat' dir='ltr'>intendatur,</span> <span class='ocrx_word' id='word_1_45' title='bbox 1042 446 1091 480; x_wconf 86' lang='lat' dir='ltr'>ita</span> <span class='ocrx_word' id='word_1_46' title='bbox 1112 446 1222 480; x_wconf 82' lang='lat' dir='ltr'>trahit</span> <span class='ocrx_word' id='word_1_47' title='bbox 1252 446 1508 487; x_wconf 78' lang='lat' dir='ltr'>intensionem,</span> <span class='ocrx_word' id='word_1_48' title='bbox 1532 454 1569 479; x_wconf 90' lang='lat' dir='ltr'>ut</span> <span class='ocrx_word' id='word_1_49' title='bbox 1588 456 1663 479; x_wconf 91' lang='lat' dir='ltr'>non</span> <span class='ocrx_word' id='word_1_50' title='bbox 1685 444 1799 491; x_wconf 82' lang='lat' dir='ltr'><strong>possit</strong></span> 
     </span>
     <span class='ocr_line' id='line_1_6' title="bbox 239 498 1800 548; baseline -0.004 -10"><span class='ocrx_word' id='word_1_51' title='bbox 239 504 354 538; x_wconf 87' lang='lat' dir='ltr'>homo</span> <span class='ocrx_word' id='word_1_52' title='bbox 376 503 419 537; x_wconf 90' lang='lat' dir='ltr'>de</span> <span class='ocrx_word' id='word_1_53' title='bbox 441 514 537 537; x_wconf 92' lang='lat' dir='ltr'>novo</span> <span class='ocrx_word' id='word_1_54' title='bbox 561 501 692 548; x_wconf 84' lang='lat' dir='ltr'>aliquid</span> <span class='ocrx_word' id='word_1_55' title='bbox 716 501 918 541; x_wconf 83' lang='lat' dir='ltr'>addiscere3</span> <span class='ocrx_word' id='word_1_56' title='bbox 941 499 1034 534; x_wconf 89' lang='lat' dir='ltr'>unde</span> <span class='ocrx_word' id='word_1_57' title='bbox 1057 507 1091 533; x_wconf 89' lang='lat' dir='ltr'>et</span> <span class='ocrx_word' id='word_1_58' title='bbox 1114 499 1312 545; x_wconf 80' lang='lat' dir='ltr'>Gregorius</span> <span class='ocrx_word' id='word_1_59' title='bbox 1333 507 1479 545; x_wconf 89' lang='lat' dir='ltr'>propter</span> <span class='ocrx_word' id='word_1_60' title='bbox 1496 498 1677 533; x_wconf 85' lang='lat' dir='ltr'>tristitiam</span> <span class='ocrx_word' id='word_1_61' title='bbox 1694 498 1800 532; x_wconf 91' lang='lat' dir='ltr'>inter-</span> 
     </span>
     <span class='ocr_line' id='line_1_7' title="bbox 241 553 1797 601; baseline -0.004 -10"><span class='ocrx_word' id='word_1_62' title='bbox 241 557 338 592; x_wconf 81' lang='lat' dir='ltr'>misit</span> <span class='ocrx_word' id='word_1_63' title='bbox 359 556 557 591; x_wconf 77' lang='lat' dir='ltr'>Ezechielis</span> <span class='ocrx_word' id='word_1_64' title='bbox 580 555 846 601; x_wconf 75' lang='lat' dir='ltr'>expositionem</span> <span class='ocrx_word' id='word_1_65' title='bbox 869 554 921 599; x_wconf 84' lang='lat' dir='ltr'>(nt</span> <span class='ocrx_word' id='word_1_66' title='bbox 937 558 1029 600; x_wconf 65' lang='lat' dir='ltr'>patet</span> <span class='ocrx_word' id='word_1_67' title='bbox 1049 565 1087 588; x_wconf 76' lang='lat' dir='ltr'>ex</span> <span class='ocrx_word' id='word_1_68' title='bbox 1109 553 1209 599; x_wconf 72' lang='lat' dir='ltr'>ejusd.</span> <span class='ocrx_word' id='word_1_69' title='bbox 1237 554 1321 587; x_wconf 81' lang='lat' dir='ltr'>hom.</span> <span class='ocrx_word' id='word_1_70' title='bbox 1344 565 1397 588; x_wconf 88' lang='lat'>22.</span> <span class='ocrx_word' id='word_1_71' title='bbox 1416 554 1451 587; x_wconf 84' lang='lat' dir='ltr'>in</span> <span class='ocrx_word' id='word_1_72' title='bbox 1472 553 1587 598; x_wconf 55' lang='lat' dir='ltr'>Ezach.</span> <span class='ocrx_word' id='word_1_73' title='bbox 1616 553 1693 588; x_wconf 78' lang='lat' dir='ltr'>circ.</span> <span class='ocrx_word' id='word_1_74' title='bbox 1711 553 1797 598; x_wconf 69' lang='lat' dir='ltr'>fin).</span> 
     </span>
    </p>
   </div>
   <div class='ocr_carea' id='block_1_3' title="bbox 799 698 1796 744">
    <p class='ocr_par' dir='ltr' id='par_1_3' title="bbox 799 698 1796 744">
     <span class='ocr_line' id='line_1_8' title="bbox 799 698 1796 744; baseline 0.002 -2"><span class='ocrx_word' id='word_1_75' title='bbox 799 698 1142 744; x_wconf 86' lang='lat' dir='ltr'><strong>ARTICULUS</strong></span> <span class='ocrx_word' id='word_1_76' title='bbox 1177 699 1233 741; x_wconf 89' lang='lat' dir='ltr'>II.</span> <span class='ocrx_word' id='word_1_77' title='bbox 1733 719 1772 744; x_wconf 89' lang='lat'>21</span> <span class='ocrx_word' id='word_1_78' title='bbox 1784 721 1796 744; x_wconf 87' lang='lat'>1</span> 
     </span>
    </p>
   </div>
   <div class='ocr_carea' id='block_1_4' title="bbox 406 812 1629 910">
    <p class='ocr_par' dir='ltr' id='par_1_4' title="bbox 406 812 1629 910">
     <span class='ocr_line' id='line_1_9' title="bbox 406 812 1629 852; baseline -0.003 -7"><span class='ocrx_word' id='word_1_79' title='bbox 406 815 559 846; x_wconf 89' lang='lat' dir='ltr'><strong>UTRUM</strong></span> <span class='ocrx_word' id='word_1_80' title='bbox 580 814 864 844; x_wconf 86' lang='lat' dir='ltr'>AGGRAVATIO</span> <span class='ocrx_word' id='word_1_81' title='bbox 888 814 1013 844; x_wconf 89' lang='lat' dir='ltr'>ANIMI</span> <span class='ocrx_word' id='word_1_82' title='bbox 1035 813 1101 843; x_wconf 90' lang='lat' dir='ltr'>SIT</span> <span class='ocrx_word' id='word_1_83' title='bbox 1122 813 1343 843; x_wconf 88' lang='lat' dir='ltr'>EFFECTUS</span> <span class='ocrx_word' id='word_1_84' title='bbox 1367 812 1629 852; x_wconf 69' lang='lat' dir='ltr'>TRISTITIAE,</span> 
     </span>
     <span class='ocr_line' id='line_1_10' title="bbox 866 879 1178 910; baseline 0 -1"><span class='ocrx_word' id='word_1_85' title='bbox 866 880 947 909; x_wconf 87' lang='lat' dir='ltr'>VEL</span> <span class='ocrx_word' id='word_1_86' title='bbox 971 879 1178 910; x_wconf 86' lang='lat' dir='ltr'>DOLORIS.</span> 
     </span>
    </p>
   </div>
   <div class='ocr_carea' id='block_1_5' title="bbox 239 971 1855 2949">
    <p class='ocr_par' dir='ltr' id='par_1_5' title="bbox 239 971 1804 1278">
     <span class='ocr_line' id='line_1_11' title="bbox 313 971 1801 1019; baseline -0.003 -9"><span class='ocrx_word' id='word_1_87' title='bbox 313 976 371 1010; x_wconf 81' lang='lat' dir='ltr'>AD</span> <span class='ocrx_word' id='word_1_88' title='bbox 402 984 609 1010; x_wconf 77' lang='lat' dir='ltr'>SECUNDUM</span> <span class='ocrx_word' id='word_1_89' title='bbox 639 973 689 1008; x_wconf 87' lang='lat' dir='ltr'>sic</span> <span class='ocrx_word' id='word_1_90' title='bbox 716 973 932 1019; x_wconf 81' lang='lat' dir='ltr'>proceditur.</span> <span class='ocrx_word' id='word_1_91' title='bbox 966 972 1128 1015; x_wconf 85' lang='lat' dir='ltr'>Videtur,</span> <span class='ocrx_word' id='word_1_92' title='bbox 1154 972 1251 1019; x_wconf 88' lang='lat' dir='ltr'>quod</span> <span class='ocrx_word' id='word_1_93' title='bbox 1283 971 1493 1019; x_wconf 84' lang='lat' dir='ltr'>aggravatio</span> <span class='ocrx_word' id='word_1_94' title='bbox 1521 971 1632 1006; x_wconf 87' lang='lat' dir='ltr'>animi</span> <span class='ocrx_word' id='word_1_95' title='bbox 1657 982 1732 1006; x_wconf 89' lang='lat' dir='ltr'>non</span> <span class='ocrx_word' id='word_1_96' title='bbox 1757 971 1801 1006; x_wconf 88' lang='lat' dir='ltr'>sit</span> 
     </span>
     <span class='ocr_line' id='line_1_12' title="bbox 241 1026 1801 1073; baseline -0.003 -9"><span class='ocrx_word' id='word_1_97' title='bbox 241 1029 388 1064; x_wconf 77' lang='lat' dir='ltr'>effectus</span> <span class='ocrx_word' id='word_1_98' title='bbox 413 1028 593 1062; x_wconf 79' lang='lat' dir='ltr'>tristitiae:</span> <span class='ocrx_word' id='word_1_99' title='bbox 625 1027 709 1061; x_wconf 89' lang='lat' dir='ltr'>dicit</span> <span class='ocrx_word' id='word_1_100' title='bbox 731 1027 828 1062; x_wconf 88' lang='lat' dir='ltr'>enirn</span> <span class='ocrx_word' id='word_1_101' title='bbox 855 1026 1024 1073; x_wconf 83' lang='lat' dir='ltr'>Apostol.</span> <span class='ocrx_word' id='word_1_102' title='bbox 1046 1037 1077 1061; x_wconf 90' lang='lat'>2.</span> <span class='ocrx_word' id='word_1_103' title='bbox 1102 1027 1144 1060; x_wconf 91' lang='lat' dir='ltr'>ad</span> <span class='ocrx_word' id='word_1_104' title='bbox 1168 1027 1254 1061; x_wconf 92' lang='lat' dir='ltr'>Cor.</span> <span class='ocrx_word' id='word_1_105' title='bbox 1278 1037 1333 1072; x_wconf 88' lang='lat'>7.:</span> <span class='ocrx_word' id='word_1_106' title='bbox 1355 1027 1438 1061; x_wconf 78' lang='lat' dir='ltr'>Ecce</span> <span class='ocrx_word' id='word_1_107' title='bbox 1471 1026 1530 1061; x_wconf 82' lang='lat' dir='ltr'>hoc</span> <span class='ocrx_word' id='word_1_108' title='bbox 1552 1027 1659 1072; x_wconf 83' lang='lat' dir='ltr'>ipsum</span> <span class='ocrx_word' id='word_1_109' title='bbox 1681 1027 1801 1061; x_wconf 84' lang='lat' dir='ltr'>contri-</span> 
     </span>
     <span class='ocr_line' id='line_1_13' title="bbox 239 1078 1800 1127; baseline -0.003 -9"><span class='ocrx_word' id='word_1_110' title='bbox 239 1085 321 1118; x_wconf 73' lang='lat' dir='ltr'>slnri</span> <span class='ocrx_word' id='word_1_111' title='bbox 330 1095 387 1117; x_wconf 76' lang='lat' dir='ltr'>vos</span> <span class='ocrx_word' id='word_1_112' title='bbox 407 1081 580 1116; x_wconf 65' lang='lat' dir='ltr'>serrandum</span> <span class='ocrx_word' id='word_1_113' title='bbox 597 1082 718 1123; x_wconf 64' lang='lat' dir='ltr'>Denm,</span> <span class='ocrx_word' id='word_1_114' title='bbox 735 1086 893 1127; x_wconf 70' lang='lat' dir='ltr'>qnantum</span> <span class='ocrx_word' id='word_1_115' title='bbox 915 1082 950 1115; x_wconf 83' lang='lat' dir='ltr'>in</span> <span class='ocrx_word' id='word_1_116' title='bbox 964 1082 1057 1116; x_wconf 79' lang='lat' dir='ltr'>vobis</span> <span class='ocrx_word' id='word_1_117' title='bbox 1078 1085 1231 1127; x_wconf 73' lang='lat' dir='ltr'>operatus</span> <span class='ocrx_word' id='word_1_118' title='bbox 1244 1079 1495 1122; x_wconf 77' lang='lat' dir='ltr'>solicitudinem,</span> <span class='ocrx_word' id='word_1_119' title='bbox 1509 1079 1562 1114; x_wconf 84' lang='lat' dir='ltr'>sed</span> <span class='ocrx_word' id='word_1_120' title='bbox 1573 1078 1800 1126; x_wconf 82' lang='lat' dir='ltr'>defensionem,</span> 
     </span>
     <span class='ocr_line' id='line_1_14' title="bbox 239 1133 1802 1182; baseline -0.003 -11"><span class='ocrx_word' id='word_1_121' title='bbox 239 1137 290 1171; x_wconf 69' lang='lat' dir='ltr'>sed</span> <span class='ocrx_word' id='word_1_122' title='bbox 312 1136 580 1182; x_wconf 73' lang='lat' dir='ltr'>indignationem,</span> <span class='ocrx_word' id='word_1_123' title='bbox 604 1142 692 1169; x_wconf 88' lang='lat' dir='ltr'>etc.:</span> <span class='ocrx_word' id='word_1_124' title='bbox 716 1135 778 1169; x_wconf 90' lang='lat' dir='ltr'>sed</span> <span class='ocrx_word' id='word_1_125' title='bbox 799 1134 1008 1176; x_wconf 85' lang='lat' dir='ltr'>solicitudo,</span> <span class='ocrx_word' id='word_1_126' title='bbox 1031 1142 1064 1169; x_wconf 93' lang='lat' dir='ltr'>et</span> <span class='ocrx_word' id='word_1_127' title='bbox 1085 1133 1286 1180; x_wconf 83' lang='lat' dir='ltr'>indignatio</span> <span class='ocrx_word' id='word_1_128' title='bbox 1305 1133 1352 1169; x_wconf 92' lang='lat' dir='ltr'>ad</span> <span class='ocrx_word' id='word_1_129' title='bbox 1367 1133 1563 1180; x_wconf 87' lang='lat' dir='ltr'>quamdam</span> <span class='ocrx_word' id='word_1_130' title='bbox 1581 1133 1802 1168; x_wconf 86' lang='lat' dir='ltr'>erectionem</span> 
     </span>
     <span class='ocr_line' id='line_1_15' title="bbox 242 1185 1804 1236; baseline -0.001 -13"><span class='ocrx_word' id='word_1_131' title='bbox 242 1189 353 1224; x_wconf 82' lang='lat' dir='ltr'>animi</span> <span class='ocrx_word' id='word_1_132' title='bbox 373 1189 562 1236; x_wconf 84' lang='lat' dir='ltr'>pertinent,</span> <span class='ocrx_word' id='word_1_133' title='bbox 585 1199 676 1235; x_wconf 88' lang='lat' dir='ltr'>quae</span> <span class='ocrx_word' id='word_1_134' title='bbox 700 1188 950 1234; x_wconf 85' lang='lat' dir='ltr'>aggravationi</span> <span class='ocrx_word' id='word_1_135' title='bbox 971 1188 1184 1235; x_wconf 79' lang='lat' dir='ltr'>opponitur3</span> <span class='ocrx_word' id='word_1_136' title='bbox 1205 1199 1280 1222; x_wconf 89' lang='lat' dir='ltr'>non</span> <span class='ocrx_word' id='word_1_137' title='bbox 1302 1198 1390 1234; x_wconf 90' lang='lat' dir='ltr'>ergo</span> <span class='ocrx_word' id='word_1_138' title='bbox 1412 1187 1624 1234; x_wconf 86' lang='lat' dir='ltr'>aggravatio</span> <span class='ocrx_word' id='word_1_139' title='bbox 1651 1195 1703 1222; x_wconf 89' lang='lat' dir='ltr'>est</span> <span class='ocrx_word' id='word_1_140' title='bbox 1721 1185 1804 1222; x_wconf 85' lang='lat' dir='ltr'>effe-</span> 
     </span>
     <span class='ocr_line' id='line_1_16' title="bbox 241 1242 512 1278; baseline -0.007 0"><span class='ocrx_word' id='word_1_141' title='bbox 241 1252 317 1278; x_wconf 89' lang='lat' dir='ltr'>ctus</span> <span class='ocrx_word' id='word_1_142' title='bbox 339 1242 512 1277; x_wconf 83' lang='lat' dir='ltr'>tristitiae.</span> 
     </span>
    </p>

    <p class='ocr_par' dir='ltr' id='par_1_6' title="bbox 240 1293 1802 1449">
     <span class='ocr_line' id='line_1_17' title="bbox 312 1293 1802 1342; baseline -0.002 -11"><span class='ocrx_word' id='word_1_143' title='bbox 312 1307 342 1331; x_wconf 90' lang='lat'>2.</span> <span class='ocrx_word' id='word_1_144' title='bbox 365 1296 600 1331; x_wconf 80' lang='lat' dir='ltr'>PRAETEREA.</span> <span class='ocrx_word' id='word_1_145' title='bbox 625 1294 785 1330; x_wconf 83' lang='lat' dir='ltr'>Tristitia</span> <span class='ocrx_word' id='word_1_146' title='bbox 807 1294 1040 1330; x_wconf 84' lang='lat' dir='ltr'>delectationi</span> <span class='ocrx_word' id='word_1_147' title='bbox 1061 1294 1273 1342; x_wconf 87' lang='lat' dir='ltr'>opponitur:</span> <span class='ocrx_word' id='word_1_148' title='bbox 1296 1294 1359 1329; x_wconf 90' lang='lat' dir='ltr'>sed</span> <span class='ocrx_word' id='word_1_149' title='bbox 1381 1293 1529 1329; x_wconf 87' lang='lat' dir='ltr'>effectus</span> <span class='ocrx_word' id='word_1_150' title='bbox 1551 1293 1802 1330; x_wconf 85' lang='lat' dir='ltr'>delectationis</span> 
     </span>
     <span class='ocr_line' id='line_1_18' title="bbox 241 1347 1802 1395; baseline -0.001 -11"><span class='ocrx_word' id='word_1_151' title='bbox 241 1358 294 1385; x_wconf 92' lang='lat' dir='ltr'>est</span> <span class='ocrx_word' id='word_1_152' title='bbox 326 1349 507 1392; x_wconf 79' lang='lat' dir='ltr'>dilatati03</span> <span class='ocrx_word' id='word_1_153' title='bbox 535 1349 592 1383; x_wconf 93' lang='lat' dir='ltr'>cui</span> <span class='ocrx_word' id='word_1_154' title='bbox 617 1360 692 1383; x_wconf 90' lang='lat' dir='ltr'>non</span> <span class='ocrx_word' id='word_1_155' title='bbox 719 1349 914 1395; x_wconf 89' lang='lat' dir='ltr'>opponitur</span> <span class='ocrx_word' id='word_1_156' title='bbox 941 1350 1164 1395; x_wconf 77' lang='lat' dir='ltr'>aggravatio,</span> <span class='ocrx_word' id='word_1_157' title='bbox 1191 1348 1254 1383; x_wconf 89' lang='lat' dir='ltr'>sed</span> <span class='ocrx_word' id='word_1_158' title='bbox 1283 1348 1513 1391; x_wconf 89' lang='lat' dir='ltr'>constrictio;</span> <span class='ocrx_word' id='word_1_159' title='bbox 1540 1359 1628 1395; x_wconf 87' lang='lat' dir='ltr'>ergo</span> <span class='ocrx_word' id='word_1_160' title='bbox 1655 1347 1802 1383; x_wconf 83' lang='lat' dir='ltr'>effectus</span> 
     </span>
     <span class='ocr_line' id='line_1_19' title="bbox 240 1402 977 1449; baseline -0.004 -10"><span class='ocrx_word' id='word_1_161' title='bbox 240 1404 403 1439; x_wconf 81' lang='lat' dir='ltr'>tristitiae</span> <span class='ocrx_word' id='word_1_162' title='bbox 424 1415 498 1437; x_wconf 90' lang='lat' dir='ltr'>non</span> <span class='ocrx_word' id='word_1_163' title='bbox 521 1402 625 1437; x_wconf 89' lang='lat' dir='ltr'>debet</span> <span class='ocrx_word' id='word_1_164' title='bbox 647 1403 733 1449; x_wconf 90' lang='lat' dir='ltr'>poni</span> <span class='ocrx_word' id='word_1_165' title='bbox 755 1402 977 1448; x_wconf 76' lang='lat' dir='ltr'>aggravatio.</span> 
     </span>
    </p>

    <p class='ocr_par' dir='ltr' id='par_1_7' title="bbox 240 1454 1804 1718">
     <span class='ocr_line' id='line_1_20' title="bbox 316 1454 1803 1503; baseline -0.003 -11"><span class='ocrx_word' id='word_1_166' title='bbox 316 1469 343 1503; x_wconf 77' lang='lat'>3.</span> <span class='ocrx_word' id='word_1_167' title='bbox 366 1457 601 1492; x_wconf 76' lang='lat' dir='ltr'>PRAETEREA.</span> <span class='ocrx_word' id='word_1_168' title='bbox 624 1456 682 1490; x_wconf 87' lang='lat' dir='ltr'>Ad</span> <span class='ocrx_word' id='word_1_169' title='bbox 703 1456 883 1490; x_wconf 82' lang='lat' dir='ltr'>tristitiam</span> <span class='ocrx_word' id='word_1_170' title='bbox 905 1456 1059 1502; x_wconf 89' lang='lat' dir='ltr'>pertinet</span> <span class='ocrx_word' id='word_1_171' title='bbox 1085 1456 1288 1498; x_wconf 85' lang='lat' dir='ltr'>absorbere,</span> <span class='ocrx_word' id='word_1_172' title='bbox 1316 1463 1354 1490; x_wconf 88' lang='lat' dir='ltr'>ut</span> <span class='ocrx_word' id='word_1_173' title='bbox 1379 1463 1477 1502; x_wconf 84' lang='lat' dir='ltr'>patet</span> <span class='ocrx_word' id='word_1_174' title='bbox 1501 1467 1565 1502; x_wconf 90' lang='lat' dir='ltr'>per</span> <span class='ocrx_word' id='word_1_175' title='bbox 1590 1454 1679 1490; x_wconf 89' lang='lat' dir='ltr'>illud</span> <span class='ocrx_word' id='word_1_176' title='bbox 1705 1454 1803 1502; x_wconf 89' lang='lat' dir='ltr'>quod</span> 
     </span>
     <span class='ocr_line' id='line_1_21' title="bbox 240 1509 1801 1558; baseline -0.002 -12"><span class='ocrx_word' id='word_1_177' title='bbox 240 1512 368 1558; x_wconf 88' lang='lat' dir='ltr'>Apost.</span> <span class='ocrx_word' id='word_1_178' title='bbox 391 1510 475 1545; x_wconf 90' lang='lat' dir='ltr'>dicit</span> <span class='ocrx_word' id='word_1_179' title='bbox 496 1520 527 1544; x_wconf 87' lang='lat'>2.</span> <span class='ocrx_word' id='word_1_180' title='bbox 551 1510 593 1544; x_wconf 86' lang='lat' dir='ltr'>ad</span> <span class='ocrx_word' id='word_1_181' title='bbox 617 1509 703 1544; x_wconf 91' lang='lat' dir='ltr'>Cor.</span> <span class='ocrx_word' id='word_1_182' title='bbox 727 1520 778 1543; x_wconf 85' lang='lat'>2.:</span> <span class='ocrx_word' id='word_1_183' title='bbox 806 1510 856 1545; x_wconf 62' lang='lat' dir='ltr'>Ne</span> <span class='ocrx_word' id='word_1_184' title='bbox 875 1510 965 1555; x_wconf 64' lang='lat' dir='ltr'>forta</span> <span class='ocrx_word' id='word_1_185' title='bbox 991 1509 1232 1544; x_wconf 74' lang='lat' dir='ltr'>abundantiori</span> <span class='ocrx_word' id='word_1_186' title='bbox 1259 1510 1394 1544; x_wconf 79' lang='lat' dir='ltr'>tristitia</span> <span class='ocrx_word' id='word_1_187' title='bbox 1420 1510 1648 1552; x_wconf 81' lang='lat' dir='ltr'>absorbeatur,</span> <span class='ocrx_word' id='word_1_188' title='bbox 1675 1510 1732 1555; x_wconf 84' lang='lat' dir='ltr'>qni</span> <span class='ocrx_word' id='word_1_189' title='bbox 1759 1514 1801 1544; x_wconf 77' lang='lat' dir='ltr'>est</span> 
     </span>
     <span class='ocr_line' id='line_1_22' title="bbox 241 1562 1804 1611; baseline -0.002 -12"><span class='ocrx_word' id='word_1_190' title='bbox 241 1565 418 1611; x_wconf 64' lang='lat' dir='ltr'>ejusmodi:</span> <span class='ocrx_word' id='word_1_191' title='bbox 441 1564 503 1598; x_wconf 89' lang='lat' dir='ltr'>sed</span> <span class='ocrx_word' id='word_1_192' title='bbox 526 1564 621 1610; x_wconf 90' lang='lat' dir='ltr'>quod</span> <span class='ocrx_word' id='word_1_193' title='bbox 645 1571 871 1609; x_wconf 85' lang='lat' dir='ltr'>aggravatur,</span> <span class='ocrx_word' id='word_1_194' title='bbox 887 1575 960 1597; x_wconf 89' lang='lat' dir='ltr'>non</span> <span class='ocrx_word' id='word_1_195' title='bbox 976 1563 1185 1597; x_wconf 80' lang='lat' dir='ltr'>absorbetur</span> <span class='ocrx_word' id='word_1_196' title='bbox 1201 1576 1208 1605; x_wconf 87' lang='lat'>;</span> <span class='ocrx_word' id='word_1_197' title='bbox 1236 1563 1439 1609; x_wconf 86' lang='lat' dir='ltr'>quinimmo</span> <span class='ocrx_word' id='word_1_198' title='bbox 1455 1563 1519 1597; x_wconf 90' lang='lat' dir='ltr'>sub</span> <span class='ocrx_word' id='word_1_199' title='bbox 1535 1563 1657 1609; x_wconf 88' lang='lat' dir='ltr'>aliquo</span> <span class='ocrx_word' id='word_1_200' title='bbox 1671 1562 1804 1609; x_wconf 91' lang='lat' dir='ltr'>ponde-</span> 
     </span>
     <span class='ocr_line' id='line_1_23' title="bbox 241 1616 1803 1664; baseline -0.001 -12"><span class='ocrx_word' id='word_1_201' title='bbox 241 1630 324 1653; x_wconf 88' lang='lat' dir='ltr'>roso</span> <span class='ocrx_word' id='word_1_202' title='bbox 353 1618 580 1664; x_wconf 84' lang='lat' dir='ltr'>deprimitur:</span> <span class='ocrx_word' id='word_1_203' title='bbox 609 1617 704 1663; x_wconf 87' lang='lat' dir='ltr'>quod</span> <span class='ocrx_word' id='word_1_204' title='bbox 733 1625 853 1651; x_wconf 90' lang='lat' dir='ltr'>autem</span> <span class='ocrx_word' id='word_1_205' title='bbox 881 1617 1102 1659; x_wconf 82' lang='lat' dir='ltr'>absorbetur,</span> <span class='ocrx_word' id='word_1_206' title='bbox 1129 1617 1221 1651; x_wconf 88' lang='lat' dir='ltr'>intra</span> <span class='ocrx_word' id='word_1_207' title='bbox 1249 1616 1444 1651; x_wconf 89' lang='lat' dir='ltr'>absorbens</span> <span class='ocrx_word' id='word_1_208' title='bbox 1471 1616 1688 1659; x_wconf 78' lang='lat' dir='ltr'>includitur3</span> <span class='ocrx_word' id='word_1_209' title='bbox 1715 1627 1803 1662; x_wconf 87' lang='lat' dir='ltr'>ergo</span> 
     </span>
     <span class='ocr_line' id='line_1_24' title="bbox 241 1669 1148 1718; baseline -0.002 -12"><span class='ocrx_word' id='word_1_210' title='bbox 241 1672 451 1718; x_wconf 80' lang='lat' dir='ltr'>aggravatio</span> <span class='ocrx_word' id='word_1_211' title='bbox 473 1682 547 1705; x_wconf 90' lang='lat' dir='ltr'>non</span> <span class='ocrx_word' id='word_1_212' title='bbox 570 1670 674 1705; x_wconf 87' lang='lat' dir='ltr'>debet</span> <span class='ocrx_word' id='word_1_213' title='bbox 695 1670 782 1716; x_wconf 89' lang='lat' dir='ltr'>poni</span> <span class='ocrx_word' id='word_1_214' title='bbox 804 1669 952 1704; x_wconf 86' lang='lat' dir='ltr'>effectus</span> <span class='ocrx_word' id='word_1_215' title='bbox 974 1670 1148 1704; x_wconf 80' lang='lat' dir='ltr'>tristitiae.</span> 
     </span>
    </p>

    <p class='ocr_par' dir='ltr' id='par_1_8' title="bbox 241 1722 1804 1824">
     <span class='ocr_line' id='line_1_25' title="bbox 314 1722 1804 1770; baseline -0.002 -10"><span class='ocrx_word' id='word_1_216' title='bbox 314 1726 387 1760; x_wconf 81' lang='lat' dir='ltr'>SED</span> <span class='ocrx_word' id='word_1_217' title='bbox 404 1735 558 1760; x_wconf 80' lang='lat' dir='ltr'>CONTRA</span> <span class='ocrx_word' id='word_1_218' title='bbox 578 1732 641 1766; x_wconf 89' lang='lat' dir='ltr'>est,</span> <span class='ocrx_word' id='word_1_219' title='bbox 657 1724 753 1770; x_wconf 88' lang='lat' dir='ltr'>quod</span> <span class='ocrx_word' id='word_1_220' title='bbox 775 1723 883 1769; x_wconf 89' lang='lat' dir='ltr'>Greg.</span> <span class='ocrx_word' id='word_1_221' title='bbox 899 1724 1052 1770; x_wconf 87' lang='lat' dir='ltr'>Nyssen.</span> <span class='ocrx_word' id='word_1_222' title='bbox 1074 1723 1151 1768; x_wconf 67' lang='lat' dir='ltr'>(vel.</span> <span class='ocrx_word' id='word_1_223' title='bbox 1167 1724 1293 1758; x_wconf 66' lang='lat' dir='ltr'>Names.</span> <span class='ocrx_word' id='word_1_224' title='bbox 1309 1723 1365 1758; x_wconf 71' lang='lat' dir='ltr'>lib.</span> <span class='ocrx_word' id='word_1_225' title='bbox 1380 1722 1416 1758; x_wconf 80' lang='lat' dir='ltr'>de</span> <span class='ocrx_word' id='word_1_226' title='bbox 1430 1723 1511 1758; x_wconf 85' lang='lat' dir='ltr'>Nat.</span> <span class='ocrx_word' id='word_1_227' title='bbox 1530 1723 1633 1758; x_wconf 87' lang='lat' dir='ltr'>Hom.</span> <span class='ocrx_word' id='word_1_228' title='bbox 1648 1729 1719 1770; x_wconf 80' lang='lat' dir='ltr'>cap.</span> <span class='ocrx_word' id='word_1_229' title='bbox 1733 1723 1804 1770; x_wconf 80' lang='lat'>19.)</span> 
     </span>
     <span class='ocr_line' id='line_1_26' title="bbox 241 1777 1613 1824; baseline -0.003 -10"><span class='ocrx_word' id='word_1_230' title='bbox 241 1788 275 1814; x_wconf 88' lang='lat' dir='ltr'>et</span> <span class='ocrx_word' id='word_1_231' title='bbox 295 1780 402 1813; x_wconf 90' lang='lat' dir='ltr'>Dam.</span> <span class='ocrx_word' id='word_1_232' title='bbox 426 1778 502 1822; x_wconf 77' lang='lat' dir='ltr'>(lib.</span> <span class='ocrx_word' id='word_1_233' title='bbox 523 1790 554 1813; x_wconf 90' lang='lat'>2.</span> <span class='ocrx_word' id='word_1_234' title='bbox 580 1778 675 1813; x_wconf 81' lang='lat' dir='ltr'>Orth.</span> <span class='ocrx_word' id='word_1_235' title='bbox 697 1777 771 1812; x_wconf 78' lang='lat' dir='ltr'>Fid.</span> <span class='ocrx_word' id='word_1_236' title='bbox 794 1784 867 1824; x_wconf 77' lang='lat' dir='ltr'>cap.</span> <span class='ocrx_word' id='word_1_237' title='bbox 890 1779 948 1823; x_wconf 79' lang='lat'>13.)</span> <span class='ocrx_word' id='word_1_238' title='bbox 977 1785 1117 1823; x_wconf 91' lang='lat' dir='ltr'>ponunt</span> <span class='ocrx_word' id='word_1_239' title='bbox 1138 1777 1319 1811; x_wconf 88' lang='lat' dir='ltr'>tristitiam</span> <span class='ocrx_word' id='word_1_240' title='bbox 1342 1784 1613 1823; x_wconf 87' lang='lat' dir='ltr'>aggravantem.</span> 
     </span>
    </p>

    <p class='ocr_par' dir='ltr' id='par_1_9' title="bbox 240 1830 1855 2629">
     <span class='ocr_line' id='line_1_27' title="bbox 312 1830 1805 1877; baseline -0.002 -10"><span class='ocrx_word' id='word_1_241' title='bbox 312 1833 540 1867; x_wconf 74' lang='lat' dir='ltr'>RESPONDEO</span> <span class='ocrx_word' id='word_1_242' title='bbox 568 1831 773 1873; x_wconf 90' lang='lat' dir='ltr'>dicendum,</span> <span class='ocrx_word' id='word_1_243' title='bbox 793 1831 889 1877; x_wconf 85' lang='lat' dir='ltr'>quod</span> <span class='ocrx_word' id='word_1_244' title='bbox 912 1830 1059 1865; x_wconf 86' lang='lat' dir='ltr'>effectus</span> <span class='ocrx_word' id='word_1_245' title='bbox 1082 1831 1292 1877; x_wconf 76' lang='lat' dir='ltr'>passionum</span> <span class='ocrx_word' id='word_1_246' title='bbox 1314 1831 1458 1865; x_wconf 85' lang='lat' dir='ltr'>animae</span> <span class='ocrx_word' id='word_1_247' title='bbox 1488 1830 1706 1877; x_wconf 89' lang='lat' dir='ltr'>quandoque</span> <span class='ocrx_word' id='word_1_248' title='bbox 1733 1841 1805 1865; x_wconf 88' lang='lat' dir='ltr'>me-</span> 
     </span>
     <span class='ocr_line' id='line_1_28' title="bbox 241 1884 1804 1932; baseline -0.001 -12"><span class='ocrx_word' id='word_1_249' title='bbox 241 1886 427 1932; x_wconf 84' lang='lat' dir='ltr'>taphorice</span> <span class='ocrx_word' id='word_1_250' title='bbox 442 1885 677 1919; x_wconf 83' lang='lat' dir='ltr'>nominantur</span> <span class='ocrx_word' id='word_1_251' title='bbox 688 1885 886 1919; x_wconf 87' lang='lat' dir='ltr'>secundum</span> <span class='ocrx_word' id='word_1_252' title='bbox 902 1884 1175 1919; x_wconf 88' lang='lat' dir='ltr'>similitudinem</span> <span class='ocrx_word' id='word_1_253' title='bbox 1187 1884 1411 1919; x_wconf 89' lang='lat' dir='ltr'>sensibilium</span> <span class='ocrx_word' id='word_1_254' title='bbox 1428 1895 1640 1931; x_wconf 89' lang='lat' dir='ltr'>corporum;</span> <span class='ocrx_word' id='word_1_255' title='bbox 1653 1894 1696 1919; x_wconf 90' lang='lat' dir='ltr'>eo</span> <span class='ocrx_word' id='word_1_256' title='bbox 1708 1884 1804 1931; x_wconf 88' lang='lat' dir='ltr'>quod</span> 
     </span>
     <span class='ocr_line' id='line_1_29' title="bbox 241 1937 1806 1985; baseline -0.001 -12"><span class='ocrx_word' id='word_1_257' title='bbox 241 1948 360 1974; x_wconf 86' lang='lat' dir='ltr'>motus</span> <span class='ocrx_word' id='word_1_258' title='bbox 383 1939 559 1985; x_wconf 84' lang='lat' dir='ltr'>appetitus</span> <span class='ocrx_word' id='word_1_259' title='bbox 580 1938 752 1972; x_wconf 82' lang='lat' dir='ltr'>naturalis</span> <span class='ocrx_word' id='word_1_260' title='bbox 775 1946 856 1972; x_wconf 91' lang='lat' dir='ltr'>sunt</span> <span class='ocrx_word' id='word_1_261' title='bbox 877 1938 1013 1972; x_wconf 86' lang='lat' dir='ltr'>similes</span> <span class='ocrx_word' id='word_1_262' title='bbox 1035 1938 1328 1973; x_wconf 86' lang='lat' dir='ltr'>inclinationibus</span> <span class='ocrx_word' id='word_1_263' title='bbox 1352 1938 1531 1984; x_wconf 88' lang='lat' dir='ltr'>appetitus</span> <span class='ocrx_word' id='word_1_264' title='bbox 1553 1937 1743 1972; x_wconf 87' lang='lat' dir='ltr'>naturalis:</span> <span class='ocrx_word' id='word_1_265' title='bbox 1771 1945 1806 1972; x_wconf 90' lang='lat' dir='ltr'>et</span> 
     </span>
     <span class='ocr_line' id='line_1_30' title="bbox 241 1991 1804 2040; baseline -0.001 -13"><span class='ocrx_word' id='word_1_266' title='bbox 241 2006 303 2040; x_wconf 84' lang='lat' dir='ltr'>per</span> <span class='ocrx_word' id='word_1_267' title='bbox 324 1994 419 2027; x_wconf 80' lang='lat' dir='ltr'>hunc</span> <span class='ocrx_word' id='word_1_268' title='bbox 438 1994 589 2027; x_wconf 85' lang='lat' dir='ltr'>modum</span> <span class='ocrx_word' id='word_1_269' title='bbox 608 1992 729 2026; x_wconf 88' lang='lat' dir='ltr'>fervor</span> <span class='ocrx_word' id='word_1_270' title='bbox 747 1992 948 2026; x_wconf 84' lang='lat' dir='ltr'>attribuitur</span> <span class='ocrx_word' id='word_1_271' title='bbox 963 1992 1091 2034; x_wconf 88' lang='lat' dir='ltr'>amori,</span> <span class='ocrx_word' id='word_1_272' title='bbox 1107 1991 1268 2026; x_wconf 88' lang='lat' dir='ltr'>dilatatio</span> <span class='ocrx_word' id='word_1_273' title='bbox 1284 1991 1526 2034; x_wconf 88' lang='lat' dir='ltr'>delectationi,</span> <span class='ocrx_word' id='word_1_274' title='bbox 1542 2000 1576 2026; x_wconf 90' lang='lat' dir='ltr'>et</span> <span class='ocrx_word' id='word_1_275' title='bbox 1595 1991 1804 2038; x_wconf 87' lang='lat' dir='ltr'>aggravatio</span> 
     </span>
     <span class='ocr_line' id='line_1_31' title="bbox 240 2045 1806 2092; baseline -0.001 -11"><span class='ocrx_word' id='word_1_276' title='bbox 240 2047 413 2082; x_wconf 77' lang='lat' dir='ltr'>tristitiae.</span> <span class='ocrx_word' id='word_1_277' title='bbox 432 2047 574 2081; x_wconf 84' lang='lat' dir='ltr'>Dicitur</span> <span class='ocrx_word' id='word_1_278' title='bbox 593 2046 689 2080; x_wconf 85' lang='lat' dir='ltr'>enim</span> <span class='ocrx_word' id='word_1_279' title='bbox 707 2046 822 2079; x_wconf 88' lang='lat' dir='ltr'>homo</span> <span class='ocrx_word' id='word_1_280' title='bbox 843 2047 1032 2091; x_wconf 83' lang='lat' dir='ltr'>aggravari</span> <span class='ocrx_word' id='word_1_281' title='bbox 1047 2058 1089 2080; x_wconf 81' lang='lat' dir='ltr'>ex</span> <span class='ocrx_word' id='word_1_282' title='bbox 1104 2057 1160 2088; x_wconf 88' lang='lat' dir='ltr'>eo,</span> <span class='ocrx_word' id='word_1_283' title='bbox 1175 2046 1271 2092; x_wconf 89' lang='lat' dir='ltr'>quod</span> <span class='ocrx_word' id='word_1_284' title='bbox 1295 2045 1415 2091; x_wconf 88' lang='lat' dir='ltr'>aliquo</span> <span class='ocrx_word' id='word_1_285' title='bbox 1435 2045 1594 2092; x_wconf 89' lang='lat' dir='ltr'>pondere</span> <span class='ocrx_word' id='word_1_286' title='bbox 1612 2045 1806 2092; x_wconf 90' lang='lat' dir='ltr'>impeditur</span> 
     </span>
     <span class='ocr_line' id='line_1_32' title="bbox 243 2099 1855 2147; baseline -0.001 -12"><span class='ocrx_word' id='word_1_287' title='bbox 243 2113 261 2135; x_wconf 88' lang='lat' dir='ltr'>a</span> <span class='ocrx_word' id='word_1_288' title='bbox 283 2101 428 2147; x_wconf 86' lang='lat' dir='ltr'>proprio</span> <span class='ocrx_word' id='word_1_289' title='bbox 452 2109 572 2135; x_wconf 83' lang='lat' dir='ltr'>motu:</span> <span class='ocrx_word' id='word_1_290' title='bbox 596 2099 826 2134; x_wconf 88' lang='lat' dir='ltr'>manifestum</span> <span class='ocrx_word' id='word_1_291' title='bbox 849 2109 901 2134; x_wconf 87' lang='lat' dir='ltr'>est</span> <span class='ocrx_word' id='word_1_292' title='bbox 923 2109 1045 2134; x_wconf 87' lang='lat' dir='ltr'>autem</span> <span class='ocrx_word' id='word_1_293' title='bbox 1064 2112 1106 2135; x_wconf 76' lang='lat' dir='ltr'>ex</span> <span class='ocrx_word' id='word_1_294' title='bbox 1128 2100 1318 2147; x_wconf 84' lang='lat' dir='ltr'>praedictis</span> <span class='ocrx_word' id='word_1_295' title='bbox 1341 2100 1387 2146; x_wconf 81' lang='lat' dir='ltr'>(q.</span> <span class='ocrx_word' id='word_1_296' title='bbox 1407 2100 1459 2146; x_wconf 81' lang='lat'>36.</span> <span class='ocrx_word' id='word_1_297' title='bbox 1484 2105 1548 2134; x_wconf 77' lang='lat' dir='ltr'>nrt.</span> <span class='ocrx_word' id='word_1_298' title='bbox 1570 2101 1614 2145; x_wconf 81' lang='lat' dir='ltr'>I.)</span> <span class='ocrx_word' id='word_1_299' title='bbox 1635 2099 1731 2146; x_wconf 89' lang='lat' dir='ltr'>quod</span> <span class='ocrx_word' id='word_1_300' title='bbox 1750 2100 1807 2134; x_wconf 90' lang='lat' dir='ltr'>tri·</span> <span class='ocrx_word' id='word_1_301' title='bbox 1851 2136 1855 2139; x_wconf 64' lang='grc'><em>,</em></span> 
     </span>
     <span class='ocr_line' id='line_1_33' title="bbox 242 2153 1806 2200; baseline -0.001 -11"><span class='ocrx_word' id='word_1_302' title='bbox 242 2155 335 2189; x_wconf 85' lang='lat' dir='ltr'>stitia</span> <span class='ocrx_word' id='word_1_303' title='bbox 359 2154 536 2199; x_wconf 81' lang='lat' dir='ltr'>contingit</span> <span class='ocrx_word' id='word_1_304' title='bbox 558 2166 598 2188; x_wconf 78' lang='lat' dir='ltr'>ex</span> <span class='ocrx_word' id='word_1_305' title='bbox 621 2153 741 2200; x_wconf 90' lang='lat' dir='ltr'>aliquo</span> <span class='ocrx_word' id='word_1_306' title='bbox 762 2153 860 2187; x_wconf 82' lang='lat' dir='ltr'>malo</span> <span class='ocrx_word' id='word_1_307' title='bbox 883 2154 1079 2200; x_wconf 81' lang='lat' dir='ltr'>praesenti:</span> <span class='ocrx_word' id='word_1_308' title='bbox 1104 2154 1199 2200; x_wconf 90' lang='lat' dir='ltr'>quod</span> <span class='ocrx_word' id='word_1_309' title='bbox 1219 2154 1364 2200; x_wconf 86' lang='lat' dir='ltr'>quidem</span> <span class='ocrx_word' id='word_1_310' title='bbox 1385 2165 1426 2187; x_wconf 85' lang='lat' dir='ltr'>ex</span> <span class='ocrx_word' id='word_1_311' title='bbox 1446 2154 1516 2188; x_wconf 90' lang='lat' dir='ltr'>hoc</span> <span class='ocrx_word' id='word_1_312' title='bbox 1538 2153 1618 2200; x_wconf 90' lang='lat' dir='ltr'>ipso</span> <span class='ocrx_word' id='word_1_313' title='bbox 1641 2154 1737 2200; x_wconf 90' lang='lat' dir='ltr'>quod</span> <span class='ocrx_word' id='word_1_314' title='bbox 1756 2164 1806 2188; x_wconf 89' lang='lat' dir='ltr'>re-</span> 
     </span>
     <span class='ocr_line' id='line_1_34' title="bbox 243 2207 1805 2254; baseline 0 -13"><span class='ocrx_word' id='word_1_315' title='bbox 243 2215 378 2254; x_wconf 88' lang='lat' dir='ltr'>pugnat</span> <span class='ocrx_word' id='word_1_316' title='bbox 400 2208 514 2241; x_wconf 90' lang='lat' dir='ltr'>motui</span> <span class='ocrx_word' id='word_1_317' title='bbox 535 2207 742 2249; x_wconf 83' lang='lat' dir='ltr'>voluntatis,</span> <span class='ocrx_word' id='word_1_318' title='bbox 770 2215 943 2252; x_wconf 77' lang='lat' dir='ltr'>aggravat</span> <span class='ocrx_word' id='word_1_319' title='bbox 970 2207 1152 2249; x_wconf 80' lang='lat' dir='ltr'>animum3</span> <span class='ocrx_word' id='word_1_320' title='bbox 1182 2208 1396 2253; x_wconf 86' lang='lat' dir='ltr'>inquantum</span> <span class='ocrx_word' id='word_1_321' title='bbox 1426 2207 1577 2253; x_wconf 87' lang='lat' dir='ltr'>impedit</span> <span class='ocrx_word' id='word_1_322' title='bbox 1604 2208 1734 2253; x_wconf 90' lang='lat' dir='ltr'>ipsum,</span> <span class='ocrx_word' id='word_1_323' title='bbox 1760 2218 1805 2241; x_wconf 88' lang='lat' dir='ltr'>ne</span> 
     </span>
     <span class='ocr_line' id='line_1_35' title="bbox 242 2260 1806 2307; baseline -0.001 -11"><span class='ocrx_word' id='word_1_324' title='bbox 242 2262 378 2296; x_wconf 82' lang='lat' dir='ltr'>fruatur</span> <span class='ocrx_word' id='word_1_325' title='bbox 401 2274 456 2303; x_wconf 89' lang='lat' dir='ltr'>eo,</span> <span class='ocrx_word' id='word_1_326' title='bbox 479 2261 575 2307; x_wconf 87' lang='lat' dir='ltr'>quod</span> <span class='ocrx_word' id='word_1_327' title='bbox 597 2261 682 2295; x_wconf 89' lang='lat' dir='ltr'>vult.</span> <span class='ocrx_word' id='word_1_328' title='bbox 712 2261 754 2295; x_wconf 81' lang='lat' dir='ltr'>Et</span> <span class='ocrx_word' id='word_1_329' title='bbox 776 2262 803 2295; x_wconf 92' lang='lat' dir='ltr'>si</span> <span class='ocrx_word' id='word_1_330' title='bbox 826 2261 971 2307; x_wconf 86' lang='lat' dir='ltr'>quidem</span> <span class='ocrx_word' id='word_1_331' title='bbox 998 2273 1071 2295; x_wconf 82' lang='lat' dir='ltr'>non</span> <span class='ocrx_word' id='word_1_332' title='bbox 1100 2262 1144 2296; x_wconf 86' lang='lat' dir='ltr'>sit</span> <span class='ocrx_word' id='word_1_333' title='bbox 1170 2270 1268 2296; x_wconf 83' lang='lat' dir='ltr'>tanta</span> <span class='ocrx_word' id='word_1_334' title='bbox 1289 2261 1342 2295; x_wconf 89' lang='lat' dir='ltr'>vis</span> <span class='ocrx_word' id='word_1_335' title='bbox 1369 2260 1457 2295; x_wconf 83' lang='lat' dir='ltr'>mali</span> <span class='ocrx_word' id='word_1_336' title='bbox 1484 2261 1741 2303; x_wconf 87' lang='lat' dir='ltr'>contristantis‚</span> <span class='ocrx_word' id='word_1_337' title='bbox 1768 2269 1806 2295; x_wconf 93' lang='lat' dir='ltr'>ut</span> 
     </span>
     <span class='ocr_line' id='line_1_36' title="bbox 244 2314 1805 2361; baseline -0.001 -11"><span class='ocrx_word' id='word_1_338' title='bbox 244 2315 379 2350; x_wconf 80' lang='lat' dir='ltr'>auferat</span> <span class='ocrx_word' id='word_1_339' title='bbox 400 2327 501 2361; x_wconf 80' lang='lat' dir='ltr'>spem</span> <span class='ocrx_word' id='word_1_340' title='bbox 525 2314 711 2357; x_wconf 82' lang='lat' dir='ltr'>evadendi,</span> <span class='ocrx_word' id='word_1_341' title='bbox 733 2314 817 2348; x_wconf 86' lang='lat' dir='ltr'>licet</span> <span class='ocrx_word' id='word_1_342' title='bbox 849 2315 990 2348; x_wconf 87' lang='lat' dir='ltr'>animus</span> <span class='ocrx_word' id='word_1_343' title='bbox 1020 2323 1235 2361; x_wconf 79' lang='lat' dir='ltr'>aggravetur</span> <span class='ocrx_word' id='word_1_344' title='bbox 1263 2322 1439 2361; x_wconf 89' lang='lat' dir='ltr'>quantum</span> <span class='ocrx_word' id='word_1_345' title='bbox 1468 2314 1511 2348; x_wconf 87' lang='lat' dir='ltr'>ad</span> <span class='ocrx_word' id='word_1_346' title='bbox 1544 2315 1615 2349; x_wconf 91' lang='lat' dir='ltr'>hoc</span> <span class='ocrx_word' id='word_1_347' title='bbox 1645 2314 1742 2361; x_wconf 91' lang='lat' dir='ltr'>quod</span> <span class='ocrx_word' id='word_1_348' title='bbox 1769 2314 1805 2348; x_wconf 92' lang='lat' dir='ltr'>in</span> 
     </span>
     <span class='ocr_line' id='line_1_37' title="bbox 242 2368 1805 2415; baseline 0 -13"><span class='ocrx_word' id='word_1_349' title='bbox 242 2369 421 2415; x_wconf 81' lang='lat' dir='ltr'>praesenti</span> <span class='ocrx_word' id='word_1_350' title='bbox 442 2379 515 2402; x_wconf 89' lang='lat' dir='ltr'>non</span> <span class='ocrx_word' id='word_1_351' title='bbox 538 2368 674 2413; x_wconf 80' lang='lat' dir='ltr'>potitur</span> <span class='ocrx_word' id='word_1_352' title='bbox 701 2380 744 2401; x_wconf 87' lang='lat' dir='ltr'>eo</span> <span class='ocrx_word' id='word_1_353' title='bbox 772 2368 868 2414; x_wconf 89' lang='lat' dir='ltr'>quod</span> <span class='ocrx_word' id='word_1_354' title='bbox 890 2368 976 2410; x_wconf 83' lang='lat' dir='ltr'>vult,</span> <span class='ocrx_word' id='word_1_355' title='bbox 1000 2376 1163 2402; x_wconf 77' lang='lat' dir='ltr'>remanet</span> <span class='ocrx_word' id='word_1_356' title='bbox 1188 2376 1310 2402; x_wconf 86' lang='lat' dir='ltr'>tamen</span> <span class='ocrx_word' id='word_1_357' title='bbox 1338 2376 1459 2402; x_wconf 88' lang='lat' dir='ltr'>motus</span> <span class='ocrx_word' id='word_1_358' title='bbox 1487 2368 1530 2402; x_wconf 92' lang='lat' dir='ltr'>ad</span> <span class='ocrx_word' id='word_1_359' title='bbox 1556 2368 1805 2415; x_wconf 85' lang='lat' dir='ltr'>repellendum</span> 
     </span>
     <span class='ocr_line' id='line_1_38' title="bbox 242 2421 1807 2468; baseline 0 -12"><span class='ocrx_word' id='word_1_360' title='bbox 242 2422 414 2456; x_wconf 85' lang='lat' dir='ltr'>nocivum</span> <span class='ocrx_word' id='word_1_361' title='bbox 438 2422 668 2455; x_wconf 77' lang='lat' dir='ltr'>contristans:</span> <span class='ocrx_word' id='word_1_362' title='bbox 692 2421 720 2454; x_wconf 75' lang='lat' dir='ltr'>si</span> <span class='ocrx_word' id='word_1_363' title='bbox 741 2433 827 2455; x_wconf 87' lang='lat' dir='ltr'>vero</span> <span class='ocrx_word' id='word_1_364' title='bbox 846 2430 1139 2467; x_wconf 78' lang='lat' dir='ltr'>superexcrescat</span> <span class='ocrx_word' id='word_1_365' title='bbox 1157 2422 1209 2456; x_wconf 90' lang='lat' dir='ltr'>vis</span> <span class='ocrx_word' id='word_1_366' title='bbox 1229 2421 1315 2456; x_wconf 89' lang='lat' dir='ltr'>mali</span> <span class='ocrx_word' id='word_1_367' title='bbox 1333 2422 1369 2456; x_wconf 92' lang='lat' dir='ltr'>in</span> <span class='ocrx_word' id='word_1_368' title='bbox 1388 2430 1540 2464; x_wconf 86' lang='lat' dir='ltr'>tantum,</span> <span class='ocrx_word' id='word_1_369' title='bbox 1555 2429 1594 2456; x_wconf 90' lang='lat' dir='ltr'>ut</span> <span class='ocrx_word' id='word_1_370' title='bbox 1606 2433 1709 2468; x_wconf 87' lang='lat' dir='ltr'>spem</span> <span class='ocrx_word' id='word_1_371' title='bbox 1728 2433 1807 2456; x_wconf 83' lang='lat' dir='ltr'>eva-</span> 
     </span>
     <span class='ocr_line' id='line_1_39' title="bbox 242 2474 1806 2522; baseline 0 -12"><span class='ocrx_word' id='word_1_372' title='bbox 242 2476 352 2510; x_wconf 85' lang='lat' dir='ltr'>sionis</span> <span class='ocrx_word' id='word_1_373' title='bbox 375 2474 551 2517; x_wconf 80' lang='lat' dir='ltr'>excludat,</span> <span class='ocrx_word' id='word_1_374' title='bbox 573 2483 656 2509; x_wconf 85' lang='lat' dir='ltr'>tunc</span> <span class='ocrx_word' id='word_1_375' title='bbox 680 2475 890 2520; x_wconf 83' lang='lat' dir='ltr'>simpliciter</span> <span class='ocrx_word' id='word_1_376' title='bbox 912 2476 1104 2520; x_wconf 84' lang='lat' dir='ltr'>impeditur</span> <span class='ocrx_word' id='word_1_377' title='bbox 1126 2476 1234 2510; x_wconf 82' lang='lat' dir='ltr'>etiam</span> <span class='ocrx_word' id='word_1_378' title='bbox 1258 2476 1406 2510; x_wconf 89' lang='lat' dir='ltr'>interior</span> <span class='ocrx_word' id='word_1_379' title='bbox 1427 2484 1547 2520; x_wconf 84' lang='lat' dir='ltr'>motus</span> <span class='ocrx_word' id='word_1_380' title='bbox 1567 2476 1679 2510; x_wconf 90' lang='lat' dir='ltr'>animi</span> <span class='ocrx_word' id='word_1_381' title='bbox 1699 2487 1806 2522; x_wconf 86' lang='lat' dir='ltr'>angu-</span> 
     </span>
     <span class='ocr_line' id='line_1_40' title="bbox 242 2528 1807 2576; baseline 0.001 -13"><span class='ocrx_word' id='word_1_382' title='bbox 242 2530 355 2571; x_wconf 82' lang='lat' dir='ltr'>stiati3</span> <span class='ocrx_word' id='word_1_383' title='bbox 379 2538 415 2563; x_wconf 88' lang='lat' dir='ltr'>ut</span> <span class='ocrx_word' id='word_1_384' title='bbox 437 2541 551 2574; x_wconf 88' lang='lat' dir='ltr'>neque</span> <span class='ocrx_word' id='word_1_385' title='bbox 574 2529 654 2566; x_wconf 75' lang='lat' dir='ltr'>hac,</span> <span class='ocrx_word' id='word_1_386' title='bbox 677 2540 792 2574; x_wconf 87' lang='lat' dir='ltr'>neque</span> <span class='ocrx_word' id='word_1_387' title='bbox 815 2528 896 2562; x_wconf 85' lang='lat' dir='ltr'>illac</span> <span class='ocrx_word' id='word_1_388' title='bbox 920 2529 1094 2563; x_wconf 76' lang='lat' dir='ltr'>divertere</span> <span class='ocrx_word' id='word_1_389' title='bbox 1116 2529 1253 2572; x_wconf 76' lang='lat' dir='ltr'>valeat3</span> <span class='ocrx_word' id='word_1_390' title='bbox 1277 2537 1311 2563; x_wconf 87' lang='lat' dir='ltr'>et</span> <span class='ocrx_word' id='word_1_391' title='bbox 1333 2529 1550 2575; x_wconf 87' lang='lat' dir='ltr'>quaudoque</span> <span class='ocrx_word' id='word_1_392' title='bbox 1569 2529 1678 2563; x_wconf 85' lang='lat' dir='ltr'>etiam</span> <span class='ocrx_word' id='word_1_393' title='bbox 1697 2529 1807 2576; x_wconf 88' lang='lat' dir='ltr'>impe-</span> 
     </span>
     <span class='ocr_line' id='line_1_41' title="bbox 243 2582 1781 2629; baseline 0.001 -13"><span class='ocrx_word' id='word_1_394' title='bbox 243 2583 335 2617; x_wconf 86' lang='lat' dir='ltr'>ditur</span> <span class='ocrx_word' id='word_1_395' title='bbox 357 2582 511 2616; x_wconf 77' lang='lat' dir='ltr'>exterior</span> <span class='ocrx_word' id='word_1_396' title='bbox 533 2590 653 2616; x_wconf 88' lang='lat' dir='ltr'>motus</span> <span class='ocrx_word' id='word_1_397' title='bbox 677 2582 850 2627; x_wconf 86' lang='lat' dir='ltr'>corporis,</span> <span class='ocrx_word' id='word_1_398' title='bbox 874 2582 920 2615; x_wconf 80' lang='lat' dir='ltr'>ita</span> <span class='ocrx_word' id='word_1_399' title='bbox 943 2583 1039 2628; x_wconf 87' lang='lat' dir='ltr'>quod</span> <span class='ocrx_word' id='word_1_400' title='bbox 1063 2591 1248 2617; x_wconf 86' lang='lat' dir='ltr'>remaneat</span> <span class='ocrx_word' id='word_1_401' title='bbox 1269 2583 1384 2617; x_wconf 86' lang='lat' dir='ltr'>homo</span> <span class='ocrx_word' id='word_1_402' title='bbox 1407 2583 1568 2629; x_wconf 88' lang='lat' dir='ltr'>stupidus</span> <span class='ocrx_word' id='word_1_403' title='bbox 1590 2583 1626 2616; x_wconf 86' lang='lat' dir='ltr'>in</span> <span class='ocrx_word' id='word_1_404' title='bbox 1648 2583 1781 2629; x_wconf 87' lang='lat' dir='ltr'>seipso.</span> 
     </span>
    </p>

    <p class='ocr_par' dir='ltr' id='par_1_10' title="bbox 243 2635 1804 2736">
     <span class='ocr_line' id='line_1_42' title="bbox 314 2635 1804 2682; baseline -0.001 -12"><span class='ocrx_word' id='word_1_405' title='bbox 314 2637 372 2670; x_wconf 76' lang='grc' dir='ltr'>ΑΙ)</span> <span class='ocrx_word' id='word_1_406' title='bbox 388 2647 535 2670; x_wconf 65' lang='lat' dir='ltr'>ramum</span> <span class='ocrx_word' id='word_1_407' title='bbox 559 2647 644 2679; x_wconf 73' lang='lat' dir='ltr'>ergo</span> <span class='ocrx_word' id='word_1_408' title='bbox 668 2635 871 2676; x_wconf 84' lang='lat' dir='ltr'>dicendum,</span> <span class='ocrx_word' id='word_1_409' title='bbox 895 2636 990 2681; x_wconf 88' lang='lat' dir='ltr'>quod</span> <span class='ocrx_word' id='word_1_410' title='bbox 1015 2635 1072 2669; x_wconf 85' lang='lat' dir='ltr'>illa</span> <span class='ocrx_word' id='word_1_411' title='bbox 1097 2636 1230 2670; x_wconf 75' lang='lat' dir='ltr'>erectio</span> <span class='ocrx_word' id='word_1_412' title='bbox 1255 2636 1366 2670; x_wconf 87' lang='lat' dir='ltr'>animi</span> <span class='ocrx_word' id='word_1_413' title='bbox 1393 2636 1559 2682; x_wconf 84' lang='lat' dir='ltr'>provenit</span> <span class='ocrx_word' id='word_1_414' title='bbox 1585 2648 1626 2670; x_wconf 81' lang='lat' dir='ltr'>ex</span> <span class='ocrx_word' id='word_1_415' title='bbox 1652 2636 1804 2679; x_wconf 80' lang='lat' dir='ltr'>tristitia,</span> 
     </span>
     <span class='ocr_line' id='line_1_43' title="bbox 243 2689 1772 2736; baseline 0 -13"><span class='ocrx_word' id='word_1_416' title='bbox 243 2701 333 2736; x_wconf 85' lang='lat' dir='ltr'>quae</span> <span class='ocrx_word' id='word_1_417' title='bbox 353 2698 405 2723; x_wconf 83' lang='lat' dir='ltr'>est</span> <span class='ocrx_word' id='word_1_418' title='bbox 427 2690 625 2723; x_wconf 71' lang='lat' dir='ltr'>secundum</span> <span class='ocrx_word' id='word_1_419' title='bbox 648 2690 779 2729; x_wconf 82' lang='lat' dir='ltr'>Deum,</span> <span class='ocrx_word' id='word_1_420' title='bbox 803 2697 947 2734; x_wconf 77' lang='lat' dir='ltr'>propter</span> <span class='ocrx_word' id='word_1_421' title='bbox 969 2701 1068 2735; x_wconf 75' lang='lat' dir='ltr'>spem</span> <span class='ocrx_word' id='word_1_422' title='bbox 1093 2691 1299 2734; x_wconf 81' lang='lat' dir='ltr'>adjunctam</span> <span class='ocrx_word' id='word_1_423' title='bbox 1322 2690 1364 2724; x_wconf 91' lang='lat' dir='ltr'>de</span> <span class='ocrx_word' id='word_1_424' title='bbox 1387 2689 1600 2724; x_wconf 84' lang='lat' dir='ltr'>remissione</span> <span class='ocrx_word' id='word_1_425' title='bbox 1623 2690 1772 2736; x_wconf 85' lang='lat' dir='ltr'>peccati.</span> 
     </span>
    </p>

    <p class='ocr_par' dir='ltr' id='par_1_11' title="bbox 244 2743 1806 2949">
     <span class='ocr_line' id='line_1_44' title="bbox 315 2743 1805 2789; baseline 0.001 -13"><span class='ocrx_word' id='word_1_426' title='bbox 315 2743 374 2777; x_wconf 73' lang='lat' dir='ltr'>An</span> <span class='ocrx_word' id='word_1_427' title='bbox 402 2754 606 2777; x_wconf 57' lang='lat' dir='ltr'>SECUNDUM</span> <span class='ocrx_word' id='word_1_428' title='bbox 630 2743 835 2783; x_wconf 75' lang='lat' dir='ltr'>dicendum,</span> <span class='ocrx_word' id='word_1_429' title='bbox 851 2743 958 2787; x_wconf 84' lang='lat' dir='ltr'>quod,</span> <span class='ocrx_word' id='word_1_430' title='bbox 972 2751 1145 2788; x_wconf 83' lang='lat' dir='ltr'>quantum</span> <span class='ocrx_word' id='word_1_431' title='bbox 1167 2744 1209 2777; x_wconf 87' lang='lat' dir='ltr'>ad</span> <span class='ocrx_word' id='word_1_432' title='bbox 1229 2751 1368 2777; x_wconf 87' lang='lat' dir='ltr'>motum</span> <span class='ocrx_word' id='word_1_433' title='bbox 1387 2743 1621 2789; x_wconf 84' lang='lat' dir='ltr'>appetitivum</span> <span class='ocrx_word' id='word_1_434' title='bbox 1641 2743 1805 2789; x_wconf 84' lang='lat' dir='ltr'>pertinet,</span> 
     </span>
     <span class='ocr_line' id='line_1_45' title="bbox 245 2796 1806 2843; baseline 0.001 -14"><span class='ocrx_word' id='word_1_435' title='bbox 245 2797 287 2830; x_wconf 85' lang='lat' dir='ltr'>ad</span> <span class='ocrx_word' id='word_1_436' title='bbox 310 2796 404 2830; x_wconf 84' lang='lat' dir='ltr'>idem</span> <span class='ocrx_word' id='word_1_437' title='bbox 429 2796 576 2830; x_wconf 79' lang='lat' dir='ltr'>refertur</span> <span class='ocrx_word' id='word_1_438' title='bbox 598 2798 794 2837; x_wconf 64' lang='lat' dir='ltr'>ronstrirllo,</span> <span class='ocrx_word' id='word_1_439' title='bbox 819 2804 851 2830; x_wconf 84' lang='lat' dir='ltr'>et</span> <span class='ocrx_word' id='word_1_440' title='bbox 870 2798 1086 2840; x_wconf 40' lang='lat' dir='ltr'>11:34311aza1nm·</span> <span class='ocrx_word' id='word_1_441' title='bbox 1111 2810 1151 2830; x_wconf 80' lang='lat' dir='ltr'>ex</span> <span class='ocrx_word' id='word_1_442' title='bbox 1175 2797 1244 2830; x_wconf 82' lang='lat' dir='ltr'>hoc</span> <span class='ocrx_word' id='word_1_443' title='bbox 1269 2797 1365 2831; x_wconf 84' lang='lat' dir='ltr'>enim</span> <span class='ocrx_word' id='word_1_444' title='bbox 1384 2797 1480 2843; x_wconf 87' lang='lat' dir='ltr'>quod</span> <span class='ocrx_word' id='word_1_445' title='bbox 1501 2805 1716 2843; x_wconf 80' lang='lat' dir='ltr'>aggravatur</span> <span class='ocrx_word' id='word_1_446' title='bbox 1735 2797 1806 2831; x_wconf 83' lang='lat' dir='ltr'>ani-</span> 
     </span>
     <span class='ocr_line' id='line_1_46' title="bbox 244 2849 1805 2897; baseline 0.001 -14"><span class='ocrx_word' id='word_1_447' title='bbox 244 2861 335 2891; x_wconf 77' lang='lat' dir='ltr'>mus,</span> <span class='ocrx_word' id='word_1_448' title='bbox 358 2858 394 2883; x_wconf 89' lang='lat' dir='ltr'>ut</span> <span class='ocrx_word' id='word_1_449' title='bbox 417 2850 457 2883; x_wconf 82' lang='lat' dir='ltr'>ad</span> <span class='ocrx_word' id='word_1_450' title='bbox 482 2850 655 2883; x_wconf 75' lang='lat' dir='ltr'>exteriora</span> <span class='ocrx_word' id='word_1_451' title='bbox 679 2849 787 2883; x_wconf 86' lang='lat' dir='ltr'>libere</span> <span class='ocrx_word' id='word_1_452' title='bbox 811 2850 978 2895; x_wconf 81' lang='lat' dir='ltr'>progredi</span> <span class='ocrx_word' id='word_1_453' title='bbox 1001 2861 1073 2883; x_wconf 83' lang='lat' dir='ltr'>uon</span> <span class='ocrx_word' id='word_1_454' title='bbox 1097 2851 1220 2896; x_wconf 83' lang='lat' dir='ltr'>possit,</span> <span class='ocrx_word' id='word_1_455' title='bbox 1243 2851 1286 2885; x_wconf 88' lang='lat' dir='ltr'>ad</span> <span class='ocrx_word' id='word_1_456' title='bbox 1308 2851 1467 2897; x_wconf 88' lang='lat' dir='ltr'>seipsum</span> <span class='ocrx_word' id='word_1_457' title='bbox 1487 2850 1690 2893; x_wconf 85' lang='lat' dir='ltr'>retrahitur,</span> <span class='ocrx_word' id='word_1_458' title='bbox 1705 2850 1805 2897; x_wconf 80' lang='lat' dir='ltr'>quasi</span> 
     </span>
     <span class='ocr_line' id='line_1_47' title="bbox 244 2903 672 2949; baseline 0 -13"><span class='ocrx_word' id='word_1_459' title='bbox 244 2903 278 2936; x_wconf 88' lang='lat' dir='ltr'>in</span> <span class='ocrx_word' id='word_1_460' title='bbox 303 2903 422 2949; x_wconf 71' lang='lat' dir='ltr'>seipso</span> <span class='ocrx_word' id='word_1_461' title='bbox 446 2903 672 2937; x_wconf 84' lang='lat' dir='ltr'>constrictus.</span> 
     </span>
    </p>
   </div>
  </div>
 </body>
</html>
