1875 3198
208 162 295 205 534
613 161 834 196 QUAESTIO
869 161 1015 190 LXXIV.
1050 161 1297 191 ARTICULUS
1332 161 1392 192 ΙΙΙ.

207 243 332 285 vitare,
355 243 398 276 ad
421 242 709 289 speculationem
740 243 923 284 scientiae,
946 243 1098 288 insurgit
1127 243 1345 288 quandoque
1368 242 1494 289 aliquis
1516 251 1636 278 motus
1658 243 1774 278 inanis

208 296 346 342 gloriae
368 296 724 342 impraemeditatus;
747 304 781 330 et
802 296 883 330 ideo
906 308 980 330 non
1002 303 1119 342 potest
1145 296 1259 330 homo
1282 296 1393 330 vitare
1416 308 1543 331 omnes
1565 297 1775 343 hujusmodi

208 358 329 384 motus
348 358 492 397 propter
515 350 787 396 corruptionem
809 350 1046 395 praedictam:
1067 350 1129 384 sed
1152 350 1222 384 hoc
1239 349 1358 384 solum
1380 349 1510 384 sufficit
1532 350 1574 384 ad
1594 351 1773 385 rationem

205 404 345 450 peccati
366 404 573 443 voluntarii,
596 403 692 449 quod
715 403 827 449 possit
849 403 960 437 vitare
980 403 1153 449 singulos.

278 458 337 491 AD
361 468 533 492 TERTIUM
556 457 761 498 dicendum,
789 457 886 502 quod
908 456 1007 498 illud,
1035 457 1131 502 quod
1158 457 1272 491 homo
1299 456 1385 491 facit
1410 457 1486 492 si-ne
1515 457 1773 492 deliberatione

207 511 366 553 rationis,
389 522 463 545 non
483 510 640 557 perfecte
663 511 738 555 ipse
760 510 862 544 facit:
887 510 969 556 quia
991 510 1082 544 nihil
1109 518 1277 556 operatur
1302 511 1350 544 ibi
1376 511 1422 553 id,
1450 511 1546 557 quod
1574 519 1628 545 est
1649 511 1763 557 princi

206 564 285 610 pale
308 564 343 598 in
365 565 536 606 homine3
561 564 654 597 unde
677 575 751 597 non
780 572 833 597 est
859 563 1015 609 perfecte
1043 572 1141 597 actus
1170 564 1370 605 humanus,
1399 572 1432 598 et
1459 576 1521 610 per
1548 575 1773 610 consequens

204 629 278 651 non
301 626 419 663 potest
441 629 518 651 esse
541 617 720 663 perfectus
736 625 836 651 actus
857 617 1008 658 virtutis,
1030 616 1088 651 vel
1110 617 1260 663 peccati,
1279 617 1341 651 sed
1365 617 1498 664 aliquid
1520 617 1773 664 imperfectum

205 672 241 704 in
265 683 396 716 genere
420 671 620 705 bonorum:
643 671 737 705 unde
759 670 840 704 talis
863 679 984 704 motus
1006 670 1248 705 sensualitatis
1267 671 1446 705 rationem
1467 672 1703 718 praeveniens
1722 679 1775 706 est

206 733 395 772 peccatum
418 724 571 767 veniale,
595 724 691 771 quod
715 732 767 758 est
789 724 960 770 quiddam
982 723 1236 770 imperfectum
1258 724 1294 758 in
1316 736 1449 771 genere
1471 725 1621 771 peccati.

751 867 1096 913 ARTICULUS
1123 868 1198 912 IV.
1697 891 1770 925 400

288 977 442 1007 UTRUM
470 977 514 1008 IN
543 977 872 1007 SENSUALITATE
899 977 1052 1006 POSSIT
1080 978 1180 1006 ESSE
1207 976 1446 1008 PECCATUM
1471 977 1692 1008 MORTALE.

430 1065 532 1112 (Infr.
555 1078 584 1111 q.
607 1067 663 1111 89.
687 1071 751 1100 art.
770 1077 798 1112 5.
822 1072 911 1112 corp.
935 1070 963 1100 et
984 1077 1015 1100 2.
1038 1066 1125 1100 Dist.
1148 1077 1203 1110 24.
1225 1077 1254 1112 q.
1273 1077 1301 1112 3.
1324 1070 1387 1100 art.
1407 1077 1438 1100 2.
1461 1065 1504 1100 ad
1518 1078 1546 1112 3.

319 1126 349 1155 et
370 1120 456 1155 Veri.
477 1132 506 1166 q.
530 1132 576 1166 25.
600 1125 663 1155 art.
682 1132 711 1166 5.
731 1124 758 1154 et
781 1120 864 1154 Mal.
884 1131 913 1165 q.
937 1130 966 1166 7.
987 1124 1049 1154 art.
1072 1119 1105 1154 6.
1125 1124 1152 1154 et
1175 1119 1297 1164 Quodl.
1319 1130 1352 1164 4.
1376 1124 1439 1154 art.
1462 1131 1515 1154 22.
1538 1120 1658 1166 corp).

275 1209 335 1244 AD
358 1219 547 1248 QUARTUM
570 1209 619 1243 sic
636 1209 852 1255 proceditur.
868 1208 1030 1251 Videtur,
1053 1209 1150 1255 quod
1171 1209 1208 1243 in
1223 1208 1454 1243 sensualitate
1468 1209 1582 1255 possit
1600 1219 1676 1243 esse
1694 1219 1774 1255 pec-

208 1271 328 1298 catum
351 1262 524 1298 mortale:
548 1271 648 1297 actus
672 1263 770 1297 enim
789 1274 831 1296 ex
847 1263 990 1308 objecto
1011 1263 1262 1308 cognoscitur:
1282 1262 1345 1297 sed
1360 1263 1454 1297 circa
1470 1262 1611 1308 objecta
1632 1274 1774 1297 sensua-

208 1317 316 1351 litatis
337 1317 513 1363 contingit
527 1328 679 1363 peccare
696 1316 906 1358 mortaliter,
929 1316 1021 1350 sicut
1040 1317 1133 1350 circa
1156 1315 1381 1350 delectabilia
1401 1316 1535 1358 carnis;
1558 1327 1657 1362 ergo,
1672 1323 1772 1350 actus

205 1370 445 1404 sensualitatis
468 1379 586 1417 potest
609 1381 685 1405 esse
705 1378 897 1417 peccatum
924 1369 1097 1404 mortale:
1126 1378 1161 1404 et
1186 1370 1234 1404 ita
1260 1371 1297 1404 in
1324 1370 1555 1404 sensualitate
1580 1378 1772 1416 peccatum

204 1424 357 1458 mortale
381 1425 570 1458 invenitur.

275 1489 305 1512 2.
329 1479 565 1513 PRAETEREA.
594 1478 790 1511 Peccatum
818 1477 972 1511 mortale
1000 1478 1238 1511 contrariatur
1263 1477 1401 1512 virtuti:
1428 1478 1490 1512 sed
1517 1478 1627 1512 virtus
1654 1485 1773 1524 potest

203 1544 280 1566 esse
303 1532 338 1565 in
361 1532 612 1567 sensualitate:
634 1532 872 1577 temperantia
896 1532 1003 1573 enim,
1028 1539 1061 1565 et
1082 1531 1254 1565 fortitudo
1277 1539 1359 1565 sunt
1379 1531 1528 1565 virtutes
1549 1531 1773 1565 irrationabi-

201 1586 290 1620 lium
314 1586 483 1632 partium,
506 1593 544 1620 ut
566 1585 702 1619 Philos.
739 1585 824 1619 dicit
846 1585 881 1618 in
908 1597 935 1631 3.
960 1585 1075 1619 Ethic.
1096 1586 1185 1631 (cap.
1208 1598 1259 1620 10.
1282 1586 1317 1619 vin
1340 1585 1469 1632 princ.)
1480 1597 1492 1626 ,·
1517 1596 1604 1631 ergo
1635 1585 1672 1618 in
1698 1596 1774 1619 sen-

202 1639 367 1674 sualitate
389 1647 506 1686 potest
528 1651 607 1674 esse
630 1646 821 1685 peccatum
849 1639 1014 1680 mortale,
1043 1650 1126 1672 cum
1154 1639 1334 1672 contraria
1361 1639 1432 1673 sint
1457 1646 1541 1673 nata
1568 1638 1646 1673 fieri
1673 1639 1768 1673 circa

198 1694 305 1728 idem.

276 1758 304 1791 3.
324 1748 560 1782 PRAETEREA.
584 1746 736 1781 Veniale
754 1755 946 1793 peccatum
962 1754 1013 1780 est
1029 1746 1216 1792 dispositio
1233 1746 1276 1780 ad
1295 1746 1467 1781 mortale:
1488 1746 1550 1781 sed
1572 1746 1771 1793 dispositio,

201 1808 235 1835 et
256 1801 399 1835 habitus
422 1809 504 1834 sunt
526 1801 562 1834 in
586 1801 736 1835 eodem:
761 1812 843 1834 cum
859 1800 967 1846 igitur
984 1800 1125 1834 veniale
1142 1808 1334 1846 peccatum
1353 1801 1397 1835 sit
1417 1801 1454 1834 in
1476 1800 1719 1843 sensualitate,
1734 1808 1772 1834 ut

199 1856 335 1889 dictum
359 1864 411 1889 est
426 1857 503 1899 (cart.
517 1867 543 1901 3.
560 1855 628 1900 lmj.
647 1867 676 1900 q.
693 1854 734 1888 ad
746 1855 804 1901 3.)‚
827 1855 936 1888 etiam
953 1853 1106 1888 mortale
1129 1863 1320 1900 peccatum
1335 1866 1412 1889 esse
1427 1854 1558 1901 poterit
1576 1856 1612 1888 in
1631 1854 1769 1888 eadem.

271 1909 345 1943 SED
369 1919 524 1943 CONTRA
547 1916 610 1951 est,
634 1908 730 1954 quod
754 1909 907 1954 August.
931 1908 1018 1942 dicit
1039 1908 1075 1941 in
1097 1908 1156 1942 lib.
1184 1920 1210 1942 1.
1234 1908 1392 1942 Retract.
1416 1909 1505 1954 (cap.
1527 1920 1574 1954 23.
1598 1920 1617 1942 a
1642 1907 1770 1954 princ.)

201 1971 235 1997 et
256 1963 407 1997 habetur
430 1963 465 1996 in
491 1962 592 1996 Glos.
619 1962 704 2005 (ord.
726 1968 821 2008 snper
844 1962 944 1996 illatis
968 1963 1165 2007 Egoamtem
1189 1962 1334 1996 carnalis
1354 1964 1441 2007 sum)
1473 1962 1580 1996 Rom.
1604 1972 1654 2007 7.:
1677 1962 1771 1996 Inor-

200 2017 332 2051 dinatus
356 2018 638 2063 concupiscentiae
661 2021 778 2057 motus,
803 2018 859 2061 qni
881 2021 922 2050 est
946 2021 1121 2062 pestutum
1142 2017 1369 2058 sensualitatis,
1399 2021 1506 2063 potest
1532 2017 1630 2050 etiam
1651 2027 1707 2050 esse
1736 2017 1770 2050 tn

200 2071 259 2113 his,
283 2072 338 2116 qui
356 2076 430 2105 sunt
454 2072 485 2104 in
503 2071 628 2115 gratia,
648 2069 683 2102 in
703 2069 830 2115 quibus
849 2078 971 2104 tamen
991 2077 1181 2115 peccatum
1203 2069 1358 2104 mortale
1373 2081 1447 2104 non
1469 2069 1667 2112 invenitur;
1682 2080 1769 2115 ergo

197 2124 422 2158 inordinatus
446 2131 566 2157 motus
586 2122 826 2157 sensualitatis
850 2134 923 2156 non
947 2131 999 2157 est
1021 2131 1212 2169 peccatum
1235 2124 1401 2158 mortale.

270 2178 501 2213 RESPONDEO
518 2178 724 2219 dicendum,
747 2177 843 2223 quod
866 2179 958 2211 sicut
980 2177 1160 2211 ordinatio
1181 2188 1416 2223 corrumpens
1439 2176 1655 2223 principium
1675 2177 1770 2211 vitae

199 2231 397 2278 corporalis
414 2239 538 2265 causat
558 2231 788 2277 corporalem
808 2238 979 2265 mortem:
999 2231 1047 2264 ita
1065 2230 1174 2264 etiam
1190 2231 1409 2265 inordinatio
1430 2241 1665 2276 corrumpens
1680 2230 1772 2276 prin-

199 2286 334 2332 cipium
362 2285 556 2331 spiritualis
582 2285 687 2327 vitae,
715 2284 811 2330 quod
840 2292 892 2318 est
918 2284 997 2318 finis
1026 2284 1184 2326 ultimus,
1214 2292 1338 2318 causat
1363 2292 1519 2318 mortem
1545 2283 1769 2330 spiritualem

199 2339 337 2385 peccati
362 2339 537 2380 mortalis,
558 2346 594 2372 ut
617 2350 722 2384 supra
746 2339 882 2372 dictum
906 2345 957 2372 est
982 2337 1026 2383 (q.
1050 2349 1102 2384 72.
1125 2343 1188 2372 art.
1207 2338 1277 2384 5.).·
1301 2338 1468 2372 ordinare
1491 2345 1612 2371 autem
1635 2337 1769 2383 aliquid

197 2393 232 2426 in
256 2393 365 2426 finem
388 2404 461 2426 non
484 2400 536 2426 est
558 2391 818 2434 sensualitatis3
841 2391 903 2425 sed
926 2391 1045 2425 solum
1069 2391 1236 2426 rationis:
1264 2392 1484 2426 inordinatio
1507 2399 1629 2425 autern
1657 2402 1676 2424 a
1699 2390 1768 2425 fine

198 2458 272 2480 non
301 2455 353 2480 est
380 2446 447 2480 nisi
476 2447 569 2491 ejus,
599 2446 698 2490 cujus
726 2453 778 2479 est
805 2446 971 2479 ordinare
999 2446 1034 2479 in
1062 2445 1190 2479 finem:
1218 2445 1312 2479 unde
1341 2450 1515 2492 paccatum
1541 2445 1679 2479 mortale
1703 2456 1770 2478 *non

191 2506 295 2547 potest
316 2513 376 2535 655ss
400 2502 432 2534 in
453 2500 672 2542 scnnmlitatu,
694 2499 745 2533 scd
766 2500 870 2533 solnm
895 2500 927 2533 [n
946 2501 1086 2534 ratione.

268 2554 327 2588 Ao
350 2565 500 2588 PRIMUM
523 2565 611 2599 ergo
638 2553 844 2594 dicendum,
861 2553 957 2599 quod
982 2561 1080 2586 actus
1096 2553 1338 2587 sensualitatis
1358 2560 1476 2599 potest
1495 2563 1709 2586 concurrere
1725 2552 1768 2586 ad

196 2617 387 2654 peccatum
416 2607 589 2642 mortale:
626 2607 689 2641 sed
717 2615 839 2640 tamen
868 2615 967 2640 actus
995 2607 1133 2652 peccati
1162 2606 1325 2641 mortalis
1351 2618 1426 2641 non
1452 2606 1572 2648 habet,
1601 2606 1697 2652 quod
1724 2606 1769 2640 sit

197 2670 389 2708 peccatum
415 2661 580 2703 mortale,
605 2672 645 2694 ex
669 2672 712 2694 eo
736 2661 831 2706 quod
856 2668 907 2694 est
930 2660 1180 2702 sensualitatis,
1204 2660 1265 2694 sed
1289 2672 1330 2694 ex
1347 2672 1390 2695 eo
1413 2660 1509 2706 quod
1533 2667 1587 2694 est
1608 2659 1768 2701 rationis,

200 2717 299 2761 cujus
323 2724 375 2749 est
398 2716 564 2749 ordinare
588 2715 622 2748 in
645 2714 774 2755 finem3
798 2722 832 2748 et
860 2714 941 2748 ideo
969 2722 1159 2760 peccatum
1189 2713 1343 2748 mortale
1365 2725 1439 2748 non
1467 2713 1666 2747 attribuitur
1692 2725 1770 2748 sen—

196 2770 364 2811 sualitati,
388 2770 448 2803 sed
474 2769 614 2802 rationi.

265 2824 324 2857 Αι)
352 2833 559 2857 SECUNDUM
584 2822 790 2863 dicendum,
814 2821 909 2867 quod
935 2830 1033 2855 actus
1056 2821 1195 2854 virtutis
1217 2832 1292 2855 non
1315 2820 1495 2867 perficitur
1518 2832 1580 2866 per
1600 2820 1647 2861 id,
1670 2821 1765 2866 quod

198 2885 251 2912 est
272 2876 513 2912 sensualitatis
540 2884 693 2918 tantum,
721 2875 782 2910 sed
812 2875 928 2921 magis
956 2887 1017 2921 per
1045 2874 1092 2917 id,
1115 2874 1211 2920 quod
1238 2882 1291 2909 est
1318 2874 1479 2917 rationis,
1505 2882 1539 2909 et
1560 2873 1766 2916 voluntatis,
