1875 3198
233 205 319 247 514
626 205 843 240 QUAESTIO
877 205 1009 233 LXXII.
1043 205 1287 235 ARTICULUS
1321 205 1411 235 VIII.

762 361 1108 406 ARTICULUS
1142 363 1265 405 VIII.
1726 375 1789 420 385

357 470 509 500 UTRUM
537 470 970 509 SUPERABUNDANTIA,
1000 470 1055 499 ET
1083 470 1310 500 DEFECTUS
1338 470 1670 501 DIVERSIFICENT

753 535 924 564 SPECIES
953 535 1264 564 PECCATORL'M.

614 621 718 666 (Mal.
741 633 770 667 q.
792 634 823 656 2.
846 627 910 656 art.
933 622 966 657 5.
989 629 1078 668 corp.
1101 626 1129 656 et
1149 634 1179 668 q.
1193 633 1244 666 14.
1267 626 1330 656 art.
1349 623 1408 668 3.).

300 710 359 744 AD
383 720 572 744 OCTAVUM
594 709 644 744 sic
660 710 878 756 proceditur.
905 710 1069 752 Videtur,
1096 710 1193 756 quod
1212 709 1552 756 superabundantia,
1579 717 1614 744 et
1633 708 1794 744 defectus

226 774 301 797 non
328 763 570 796 diversificent
591 763 728 809 species
750 771 1005 809 peccatorum:
1027 763 1355 809 superabundantia
1377 763 1486 805 enim,
1506 771 1540 798 et
1558 762 1717 797 defectus
1732 762 1794 796 dif-

227 816 345 850 ferunt
359 816 559 850 secundum
575 818 691 862 magis,
708 825 742 850 et
750 818 877 851 minus:
893 817 955 851 sed
970 818 1086 863 magis,
1103 825 1137 851 et
1150 817 1259 851 minus
1269 827 1343 850 non
1357 815 1600 850 diversificant
1613 816 1792 862 speciem3

227 880 316 914 ergo
340 869 678 915 superabundantia,
701 878 736 903 et
757 869 916 904 defectus
938 881 1012 903 non
1034 869 1277 904 diversificant
1297 869 1456 916 speciem
1478 877 1726 916 peccatorum.

298 933 329 956 2.
352 923 589 957 PRAETEREA.
614 923 715 957 Sicut
736 932 925 969 peccatum
948 924 985 957 in
1008 923 1197 969 agibilibus
1219 931 1272 957 est
1289 934 1330 957 ex
1352 923 1436 965 hoc,
1458 923 1555 969 quod
1576 923 1755 957 receditur
1772 934 1792 956 a

226 976 439 1009 rectitudine
462 976 630 1018 rationis3
652 976 700 1010 ita
722 976 858 1011 falsitas
880 977 916 1010 in
938 976 1168 1022 speculativis
1181 984 1243 1010 .est
1264 988 1306 1010 ex
1331 976 1416 1018 hoc,
1443 976 1539 1022 quod
1566 976 1746 1010 receditur
1772 987 1792 1010 a

224 1029 375 1063 veritate
398 1029 466 1063 rei:
491 1029 552 1063 sed
574 1041 648 1063 non
671 1029 931 1064 diversificatur
952 1030 1090 1076 species
1105 1029 1268 1064 falsitatis
1283 1041 1325 1063 ex
1338 1029 1423 1072 hoc,
1438 1029 1535 1076 quod
1550 1029 1684 1076 aliquid
1707 1030 1792 1064 dicit

224 1082 315 1128 plus,
330 1082 388 1116 vel
402 1083 520 1116 minus
537 1094 626 1124 esse,
643 1091 753 1129 quam
767 1083 811 1117 sit
824 1083 860 1116 in
876 1095 912 1118 re
926 1096 934 1125 3
958 1094 1044 1129 ergo
1060 1083 1170 1117 etiam
1184 1095 1258 1117 non
1273 1083 1533 1117 diversificatur
1554 1083 1692 1129 species
1711 1094 1790 1129 pec-

224 1136 295 1169 cati
317 1148 359 1170 ex
380 1136 464 1178 hoc,
488 1136 585 1182 quod
607 1137 743 1170 recedit
765 1148 783 1170 a
806 1137 1018 1170 rectitudine
1047 1137 1196 1170 rationis
1217 1137 1254 1170 in
1275 1135 1367 1182 plus,
1390 1136 1448 1170 vel
1469 1136 1600 1170 minus.

298 1201 326 1235 3.
349 1189 586 1223 PRAETEREA.
610 1188 661 1223 Ex
684 1190 821 1223 duabus
843 1189 1031 1236 speciebus
1053 1201 1128 1224 non
1151 1189 1380 1224 constituitur
1393 1201 1464 1223 una
1478 1189 1630 1235 species,
1644 1196 1683 1223 ut
1703 1188 1790 1222 Por-

222 1242 371 1288 phyrius
394 1243 480 1276 dicit
500 1244 551 1287 (in
570 1243 695 1289 Isagog.
718 1249 791 1290 cap.
814 1243 871 1277 ult.
894 1248 923 1278 et
944 1244 1049 1278 Arist.
1071 1255 1098 1278 1.
1122 1243 1269 1290 Metaph.
1284 1247 1345 1277 tex.
1368 1242 1458 1289 37.).·
1485 1242 1547 1277 sed
1574 1241 1792 1288 superabun-

221 1295 355 1337 dantia,
378 1304 412 1329 et
434 1295 592 1330 defectus
615 1296 787 1330 uniuntur
813 1296 849 1330 in
871 1307 943 1330 uno
967 1304 1137 1342 peccato:
1161 1304 1243 1330 sunt
1264 1296 1362 1330 enim
1379 1295 1489 1330 simul
1509 1295 1656 1342 quidam
1678 1294 1790 1329 illibe-

222 1348 325 1391 rales,
348 1357 383 1383 et
403 1349 562 1395 prodigi:
585 1360 741 1395 quorum
763 1349 919 1383 duorum
940 1349 1161 1383 illiberalitas
1183 1357 1236 1384 est
1257 1357 1448 1396 peccatum
1470 1349 1670 1383 secundum
1697 1347 1790 1382 defe-

222 1410 320 1435 ctum
333 1415 341 1444 ;
357 1402 592 1448 prodigalitas
604 1410 726 1436 autem
737 1402 937 1436 secundum
947 1403 1312 1448 superabundantiam
1325 1415 1333 1445 ;
1345 1413 1432 1449 ergo
1448 1401 1787 1449 superabundantia,

220 1464 256 1489 et
278 1455 438 1490 defectus
461 1467 534 1490 non
555 1455 800 1490 diversificant
820 1456 979 1502 speciem
1002 1464 1248 1502 peccatorum.

293 1510 367 1543 SED
395 1520 562 1544 CONTRA.
587 1509 780 1543 Contraria
803 1508 972 1543 differunt
1000 1509 1200 1543 secundum
1227 1509 1406 1556 speciem:
1437 1520 1524 1543 nam
1551 1507 1787 1543 contrarietas

219 1571 273 1596 est
295 1562 496 1596 differentia
510 1562 711 1596 secundum
725 1562 895 1604 formam,
914 1571 952 1596 ut
966 1563 1096 1597 dicitur
1109 1563 1144 1596 in
1164 1574 1214 1598 10.
1237 1563 1477 1610 Metaphysic.
1495 1563 1573 1606 (tex.
1588 1575 1631 1609 13.
1647 1568 1675 1597 et
1692 1563 1786 1607 14.).·

219 1616 281 1650 sed
302 1616 400 1657 vitia,
423 1627 515 1662 quae
538 1615 707 1650 differunt
721 1616 920 1650 secundum
935 1617 1315 1663 superabundantiam,
1330 1625 1365 1651 et
1383 1615 1578 1658 defectum,
1599 1624 1682 1650 sunt
1703 1626 1788 1650 con-

216 1669 344 1711 traria3
367 1670 459 1703 sicut
479 1669 700 1703 illiberalitas
715 1669 977 1716 prodigalitati,
1000 1681 1086 1715 ergo
1110 1669 1280 1704 differunt
1299 1670 1500 1704 secundum
1519 1669 1689 1716 speciem.

291 1722 520 1757 stpomsso
545 1722 751 1765 dicendum,
775 1723 871 1768 quod
895 1734 978 1757 cum
1000 1723 1036 1756 in
1058 1731 1210 1769 peccato
1233 1723 1303 1757 sint
1317 1723 1394 1765 duo,
1416 1722 1574 1757 scilicet:
1596 1724 1661 1769 ipse
1681 1727 1784 1765 actus,

216 1784 251 1810 et
279 1775 482 1810 inordinatio
505 1777 592 1821 ejus,
615 1783 722 1821 prout
742 1776 922 1810 receditur
938 1776 979 1809 ab
995 1776 1120 1810 ordine
1143 1776 1304 1818 rationis,
1317 1785 1351 1810 et
1365 1776 1455 1823 legis
1471 1775 1626 1818 divinae,
1645 1776 1784 1822 species

216 1829 355 1875 peccati
378 1829 571 1863 attenditur
591 1840 666 1863 non
689 1840 730 1863 ex
752 1837 851 1875 parte
872 1829 1162 1871 inordinationis,
1184 1841 1276 1876 quae
1299 1837 1352 1864 est
1372 1837 1513 1876 praeter
1539 1829 1781 1864 intentionem

216 1883 411 1928 peccantis,
442 1891 480 1916 ut
510 1894 615 1929 supra
649 1883 785 1916 dictum
819 1890 872 1916 est
893 1882 975 1927 (art.
998 1895 1025 1918 Ι.
1054 1883 1122 1929 huj.
1146 1885 1208 1929 q.)
1225 1895 1234 1918 :
1254 1883 1316 1917 sed
1339 1883 1456 1929 magis
1483 1894 1524 1917 ex
1547 1890 1646 1929 parte
1672 1882 1783 1928 ipsius

215 1944 328 1978 actus,
350 1936 551 1970 secundum
572 1936 668 1982 quod
689 1936 904 1970 terminatur
926 1935 969 1969 ad
992 1936 1188 1982 objectum,
1210 1936 1246 1970 in
1269 1936 1365 1982 quod
1388 1935 1499 1970 fertur
1526 1936 1678 1970 intentio
1704 1947 1785 1982 pec-

215 1990 346 2032 cantis;
375 1997 408 2024 et
429 1990 523 2031 ideo,
546 1990 764 2035 ubicumque
788 1989 944 2023 occurrit
959 1989 1140 2023 diversum
1159 1989 1338 2024 motivum
1354 1989 1531 2024 inclinans
1542 1989 1782 2024 intentionem

215 2043 259 2076 ad
283 2043 520 2089 peccandum,
543 2043 590 2076 ibi
612 2050 666 2076 est
688 2043 826 2077 diversa
849 2043 986 2088 species
1008 2043 1158 2088 peccati.
1182 2041 1416 2077 Manifestum
1443 2051 1497 2077 est
1523 2050 1656 2084 autem,
1683 2042 1779 2089 quod

213 2107 287 2129 non
312 2105 363 2130 est
384 2097 479 2129 idem
503 2096 683 2130 motivum
707 2095 749 2129 ad
772 2095 1000 2142 peccandum
1030 2096 1065 2129 in
1088 2096 1258 2143 peccatis,
1285 2107 1378 2142 quae
1400 2104 1482 2131 sunt
1503 2096 1705 2130 secundum
1728 2107 1782 2130 su·

215 2149 550 2195 perabundantiam,
573 2157 606 2183 et
628 2149 662 2183 in
686 2149 854 2195 peccatis,
885 2160 976 2195 quae
1008 2158 1091 2184 sunt
1112 2150 1314 2184 secundum
1348 2149 1547 2184 defectum:
1575 2150 1779 2196 quinimmo

214 2211 296 2236 sunt
318 2203 497 2237 contraria
520 2203 675 2237 motiva:
704 2203 796 2236 sicut
821 2203 1001 2236 motivum
1029 2203 1064 2237 in
1092 2211 1244 2249 peccato
1271 2203 1571 2249 intemperantiae
1597 2211 1650 2237 est
1677 2214 1781 2238 amor

213 2255 499 2290 delectationum
523 2255 787 2302 corporalium:
819 2256 998 2290 motivum
1029 2264 1150 2290 autem
1182 2256 1217 2290 in
1240 2264 1390 2302 peccato
1418 2256 1701 2291 insensibilitatis
1727 2264 1781 2291 est

213 2309 338 2342 odium
363 2321 502 2343 earum:
527 2309 621 2342 unde
643 2309 853 2354 hujusmodi
876 2318 1024 2355 peccata
1040 2320 1113 2343 non
1129 2309 1250 2344 solum
1265 2308 1434 2344 differunt
1447 2309 1579 2356 specie,
1594 2309 1656 2344 sed
1668 2309 1778 2344 etiam

212 2370 295 2396 sunt
316 2363 381 2396 sibi
403 2363 559 2396 invicem
587 2362 778 2396 contraria.

284 2415 343 2449 AD
366 2426 514 2450 PRIMUM
537 2427 623 2460 crgo
647 2415 852 2457 dicendum,
875 2416 971 2462 quod
995 2417 1109 2462 magis,
1130 2423 1164 2450 et
1186 2417 1306 2459 minus,
1329 2416 1395 2450 etsi
1416 2427 1491 2450 non
1513 2416 1584 2451 sint
1602 2427 1711 2451 causa
1730 2416 1779 2450 di-

212 2469 388 2502 versitatis
412 2469 554 2515 speciei,
577 2478 847 2514 consequuntur
872 2478 994 2503 tamen
1021 2470 1238 2516 quandoque
1266 2469 1404 2516 species
1431 2468 1647 2511 differentes,
1670 2478 1776 2515 prout

211 2523 428 2568 proveniunt
450 2534 492 2556 ex
515 2522 663 2556 diversis
685 2521 829 2564 formis;
858 2522 949 2556 sicut
970 2522 998 2556 si
1021 2522 1171 2564 dicatur,
1202 2523 1299 2569 quod
1328 2523 1421 2569 ignis
1451 2531 1504 2557 est
1532 2522 1648 2557 levior
1674 2525 1774 2557 aere:

211 2575 305 2608 unde
328 2575 464 2609 Philos.
487 2575 572 2608 dicit
594 2575 628 2608 in
652 2575 682 2608 8.
708 2574 865 2608 Ethicor.
890 2575 976 2622 (rap.
996 2587 1022 2610 ι.
1039 2575 1170 2619 insitu),
1195 2576 1290 2621 quod
1310 2576 1370 2622 qui
1392 2583 1588 2622 posuerunt
1605 2586 1678 2610 non
1698 2586 1775 2610 esse

209 2628 369 2662 diversas
391 2629 527 2675 species
550 2628 790 2662 amicitiarum
814 2636 958 2674 propter
979 2628 1050 2662 hoc
1073 2628 1169 2674 quod
1192 2629 1359 2663 dicuntur
1379 2629 1578 2663 secundum
1598 2628 1726 2675 magis,
1741 2636 1776 2663 et

211 2682 422 2723 minus‚non
438 2681 1008 2727 sufficientic1·edi·.ieruntsigno;
1024 2682 1142 2716 etlioc
1160 2681 1271 2715 modo
1287 2682 1568 2728 superexcedere
1583 2681 1773 2723 rationem,

211 2743 246 2769 et
267 2735 418 2769 delicere
441 2735 482 2768 ab
506 2747 559 2776 ca,
582 2735 731 2781 pertinet
755 2734 797 2768 ad
821 2734 958 2768 diversa
982 2743 1128 2781 peccata
1150 2735 1350 2769 secundum
1369 2735 1540 2782 speciem,
1559 2735 1772 2782 inquantum

210 2797 479 2834 consequuntur
501 2789 640 2822 diversa
663 2787 812 2822 motiva.

283 2842 341 2875 Αι)
364 2852 568 2876 SECUNDUM
592 2840 797 2881 dicendum,
820 2840 915 2886 quod
944 2841 1094 2875 intentio
1121 2841 1304 2888 peccantis
1331 2853 1405 2876 non
1433 2849 1497 2883 est,
1521 2849 1559 2876 ut
1581 2841 1725 2876 recedat
1751 2851 1771 2875 a

211 2894 369 2929 ratione:
392 2903 425 2929 et
448 2895 528 2929 ideo
551 2906 623 2928 non
647 2893 798 2928 efficitur
821 2893 981 2938 ejusdem
1005 2895 1152 2928 rationis
1171 2902 1362 2941 peccatum
1384 2894 1717 2942 superabuudantiac,
1737 2902 1773 2929 et
