1907 3198
509 165 732 201 QUAESTIO
766 164 884 194 LXXI.
917 164 1166 195 ARTICULUS
1199 164 1258 194 VI.
1584 164 1665 207 503

88 248 280 296 prohibita,
302 247 386 295 quia
408 246 523 289 mala3
545 258 620 282 non
643 257 731 294 ergo
753 246 789 281 in
813 246 1004 281 communi
1026 245 1236 280 definitione
1256 245 1396 292 peccati
1420 245 1543 280 debuit
1568 245 1668 292 poni,

86 302 174 350 quod
197 304 239 338 sit
264 307 381 338 contra
408 301 507 348 legem
535 301 613 336 Dei.

162 367 191 403 5.
213 355 453 391 PRAETEREA.
476 354 676 390 Peccatum
703 353 884 401 significat
910 353 1049 388 malum
1076 353 1240 388 hominis
1268 361 1402 394 actum,
1430 360 1468 387 ut
1495 364 1539 387 ex
1566 352 1670 386 dictis

87 417 186 458 patet
206 410 290 456 (art.
312 421 339 445 ι.
362 409 432 455 huj.
455 409 519 455 q.).·
542 408 605 443 sed
628 407 768 442 malum
789 407 951 443 hominis
974 415 1028 442 est
1049 415 1175 442 contra
1199 406 1378 441 rationem
1403 417 1492 448 esse,
1520 414 1558 440 ut
1583 405 1670 440 Dio-

86 464 212 512 nysius
233 463 320 498 dicit
337 472 370 506 4.
395 473 473 508 cap.
496 462 541 496 de
562 462 647 496 Div.
666 461 777 496 Nom.
802 461 904 509 (part.
924 473 958 506 4.
980 461 1051 496 lect.
1074 461 1170 506 22.),·
1194 471 1283 506 ergo
1306 460 1427 506 potius
1450 460 1573 494 debuit
1587 459 1670 501 dici,

87 517 184 566 quod
206 525 400 565 peccatum
422 517 467 551 sit
489 524 616 550 contra
638 516 832 558 rationem,
855 527 966 562 quam
989 515 1086 562 quod
1109 522 1303 562 peccatum
1326 514 1371 548 sit
1392 522 1519 548 contra
1547 513 1669 560 legem

87 579 287 607 aeternam.

158 625 202 660 IN
223 633 479 660 CONTRARIUM
502 622 636 658 sufficit
658 623 855 658 auctoritas
877 622 1075 670 Augustini
1096 623 1173 668 (lib.
1196 634 1250 657 22.
1273 627 1359 657 cont.
1380 622 1492 656 Faust.
1516 627 1587 668 cap.
1615 631 1669 667 27.

88 679 123 714 in
133 679 277 727 princ).

158 732 391 768 Responnno
413 731 623 774 dicendum,
645 730 756 778 quod,
779 730 873 766 sicut
894 741 936 765 ex
959 730 1063 765 dictis
1085 737 1185 777 patet
1206 730 1288 775 (art.
1315 742 1343 765 ι.
1367 729 1436 775 huj.
1456 728 1517 775 q.)‚
1545 738 1671 775 pecca-

86 795 166 822 tum
186 785 278 821 nihil
299 785 396 820 aliud
419 792 484 827 est,
507 796 619 832 quam
643 793 744 819 actus
765 784 949 819 humanus
976 783 1107 826 malus,
1135 784 1232 830 quod
1261 791 1381 817 autem
1412 782 1541 829 aliquis
1568 790 1670 816 actus

88 841 134 877 sit
152 840 349 882 humanus,
369 839 479 874 habet
501 849 544 873 ex
566 839 651 881 hoc,
673 838 772 886 quod
795 846 849 874 est
873 838 1113 880 voluntarius,
1141 838 1235 873 sicut
1261 848 1303 872 ex
1331 836 1547 883 supradictis
1573 844 1671 882 patet

88 891 139 943 (q.
161 906 189 931 ι.
210 899 276 929 art.
300 895 367 940 1.),·
390 893 466 928 sive
489 893 534 928 sit
554 892 794 935 voluntarius,
816 892 920 940 quasi
942 903 962 926 a
983 891 1172 927 voluntate
1195 891 1350 934 elicitus,
1372 898 1411 925 ut
1429 891 1549 937 ipsum
1563 889 1670 931 velle,

87 947 147 984 vel
169 947 324 994 eligere3
346 947 422 982 sive
444 946 548 994 quasi
570 957 590 980 a
610 946 799 981 voluntate
821 946 1032 993 imperatus,
1059 954 1098 980 ut
1127 945 1325 981 exteriores
1353 952 1455 979 actus
1485 943 1543 978 vel
1573 943 1658 978 locu

87 1002 210 1045 tionis,
231 1001 290 1036 vel
311 1001 552 1049 operationis:
574 1000 684 1036 habet
707 1009 830 1035 autem
854 1009 955 1035 actus
977 1001 1175 1043 humanus,
1198 999 1295 1046 quod
1322 999 1367 1034 sit
1393 998 1512 1033 malus
1539 1009 1582 1032 ex
1609 1009 1666 1039 eo,

88 1056 187 1105 quod
210 1064 308 1091 caret
336 1055 456 1090 debita
491 1055 872 1090 commensuratione:
908 1056 1029 1090 omnis
1060 1063 1183 1090 autem
1213 1053 1527 1089 commensuratio
1555 1053 1670 1098 cujus-

89 1122 248 1158 cumque
269 1110 320 1144 rei
342 1109 537 1144 attenditur
559 1120 622 1155 per
644 1109 962 1156 comparationem
978 1109 1021 1143 ad
1042 1109 1203 1155 aliquam
1227 1107 1411 1154 regulam:
1436 1119 1454 1141 a
1477 1118 1548 1154 qua
1571 1106 1601 1141 si
1622 1106 1671 1140 di-

88 1172 217 1206 vertat,
237 1164 573 1198 incommensurata
595 1163 672 1198 erit.
695 1162 837 1209 Regula
860 1171 982 1198 autem
1007 1162 1203 1198 voluntatis
1230 1162 1414 1196 humanae
1444 1169 1498 1196 est
1525 1160 1668 1207 duplex.-

90 1230 157 1254 una
178 1217 391 1266 propinqua,
413 1224 448 1251 et
468 1216 716 1263 homogenea,
732 1216 871 1251 scilicet
886 1217 962 1263 ipsa
976 1217 1138 1251 humana
1162 1216 1272 1250 ratio:
1289 1216 1359 1250 alia
1372 1227 1460 1250 vero
1485 1223 1537 1250 est
1552 1215 1666 1261 prima

90 1271 228 1319 regula,
248 1271 388 1306 scilicet
408 1269 465 1305 lex
488 1277 647 1313 aeterna,
669 1282 762 1317 quae
785 1279 838 1305 est
859 1271 962 1317 quasi
985 1271 1077 1305 ratio
1100 1270 1180 1305 Dei.
1204 1270 1248 1304 Et
1270 1270 1352 1304 ideo
1375 1269 1604 1315 Augustinus
1630 1269 1666 1303 in

89 1325 301 1360 definitione
321 1323 463 1370 peccati
483 1324 605 1370 posuit
626 1324 718 1359 duo:
741 1336 867 1366 unum,
887 1325 985 1371 quod
1001 1325 1156 1371 pertinet
1171 1324 1215 1358 ad
1230 1324 1472 1358 substantiam
1489 1331 1590 1358 actus
1604 1323 1653 1357 hu

89 1378 201 1421 mani,
222 1377 319 1425 quod
341 1385 395 1412 est
415 1377 519 1424 quasi
540 1377 731 1412 materiale
753 1378 789 1411 in
811 1386 978 1425 peccato,
995 1389 1081 1412 cum
1096 1378 1199 1413 dixit:
1222 1378 1375 1420 Dictum,
1395 1378 1600 1424 wlsactum,
1616 1377 1669 1412 vel

88 1433 324 1480 concupitum;
347 1430 444 1466 aliud
467 1439 601 1474 autem,
623 1431 721 1478 quod
744 1432 899 1478 pertinet
919 1432 962 1466 ad
982 1432 1163 1466 rationem
1183 1431 1282 1477 mali,
1298 1432 1396 1479 quod
1417 1440 1469 1466 est
1484 1432 1584 1478 quasi
1599 1431 1669 1466 for-

87 1485 183 1521 male
204 1485 240 1520 in
263 1493 427 1532 peccato,
450 1495 534 1520 curn
556 1485 661 1519 dicit:
689 1484 831 1520 Contra
852 1485 975 1532 legem
999 1494 1195 1520 aeternam.

158 1539 219 1575 AD
239 1547 390 1574 PRIMUM
419 1549 507 1586 ergo
535 1538 744 1581 dicendum,
775 1539 872 1586 quod
904 1538 1111 1582 affirmatio,
1139 1548 1174 1574 et
1199 1540 1348 1586 negatio
1375 1539 1597 1574 reducuntur
1623 1539 1667 1574 ad

87 1592 184 1628 idem
207 1603 341 1640 genus;
363 1592 457 1627 sicut
476 1592 513 1626 in
535 1592 666 1627 divinis
686 1594 845 1640 genitum,
869 1601 904 1628 et
926 1595 1109 1640 ingenitum
1131 1594 1173 1628 ad
1194 1593 1425 1635 relationem,
1444 1602 1482 1628 ut
1497 1593 1667 1640 Augusti-

86 1658 154 1683 nus
176 1647 263 1682 dicit
283 1646 318 1681 in
344 1657 374 1692 5.
397 1646 440 1682 de
464 1645 595 1682 Trinit.
617 1648 707 1695 (cap.
731 1647 764 1683 6.
787 1653 816 1682 et
837 1649 886 1695 7.)
898 1661 910 1689 ,·
935 1656 969 1683 et
990 1648 1074 1683 ideo
1092 1659 1158 1696 pro
1182 1648 1313 1683 eodem
1336 1657 1390 1682 est
1412 1648 1667 1695 accipiendum

85 1701 220 1743 dictum,
248 1709 283 1736 et
304 1712 370 1736 non
388 1700 513 1736 dictum
520 1713 532 1742 ;
548 1701 696 1748 sactum,
721 1709 757 1736 et
778 1713 842 1736 non
858 1702 1004 1748 factum.

156 1755 217 1790 An
239 1765 449 1790 SECUNDUM
468 1754 678 1798 dicendum,
701 1755 798 1802 quod
821 1756 937 1803 prima
954 1767 1063 1790 causa
1079 1756 1218 1802 peccati
1235 1764 1288 1790 est
1304 1756 1339 1790 in
1354 1755 1556 1798 voluntate,
1575 1767 1667 1802 quae

84 1808 240 1856 imperat
260 1819 389 1843 omnes
411 1816 512 1843 actus
533 1808 772 1851 voluntarios,
795 1809 831 1844 in
847 1809 976 1856 quibus
995 1808 1083 1844 solis
1098 1809 1280 1844 invenitur
1298 1818 1508 1856 peccatum:
1530 1819 1564 1845 et
1583 1810 1665 1844 ideo

85 1862 311 1910 Augustinus
339 1862 560 1910 quandoque
589 1873 653 1910 per
681 1862 801 1898 solam
831 1863 1060 1898 voluntatem
1091 1863 1216 1898 definit
1249 1872 1463 1911 peccatum:
1492 1864 1554 1899 sed
1581 1864 1666 1910 quia

85 1916 196 1952 etiam
217 1916 285 1964 ipsi
305 1916 502 1952 exteriores
525 1924 626 1951 actus
648 1917 830 1964 pertinent
852 1917 895 1951 ad
918 1917 1158 1952 substantiam
1181 1918 1333 1964 peccati,
1353 1929 1438 1952 cum
1457 1919 1526 1952 sint
1542 1929 1667 1953 secun-

85 1971 171 2006 dum
193 1983 232 2007 se
254 1970 354 2014 mali,
381 1979 420 2006 ut
440 1970 580 2006 dictum
603 1979 657 2006 est
679 1971 729 2016 (in
757 1978 847 2018 corp.
869 1977 899 2006 et
925 1983 955 2018 q.
984 1971 1072 2016 20.)‚
1095 1982 1245 2006 necesse
1267 1971 1344 2014 fuit,
1359 1972 1457 2018 quod
1480 1972 1515 2006 in
1544 1971 1667 2007 defini-

83 2025 183 2061 tione
203 2026 344 2073 peccati
366 2033 564 2072 poneretur
585 2025 695 2060 etiam
718 2025 853 2072 aliquid
875 2026 1059 2072 pertinens
1083 2025 1126 2060 ad
1149 2025 1345 2060 exteriores
1369 2035 1481 2061 actus.

155 2079 216 2115 An
238 2089 412 2115 TERTIUM
434 2079 644 2121 dicendum,
667 2079 765 2126 quod
787 2078 844 2114 lex
867 2088 1013 2114 aeterna
1035 2079 1168 2126 primo,
1191 2088 1226 2114 et
1247 2080 1494 2126 principaliter
1521 2080 1664 2115 ordinat

82 2130 274 2168 hominem
297 2133 340 2167 ad
362 2132 494 2176 finem3
516 2141 782 2180 consequenter
805 2141 925 2168 autem
950 2132 1035 2168 facit
1048 2133 1239 2168 hominem
1256 2134 1348 2168 bene
1364 2145 1401 2168 se
1417 2134 1551 2169 habere
1567 2135 1664 2169 circa

84 2197 140 2230 ea,
160 2198 253 2234 quae
274 2195 359 2222 sunt
379 2186 423 2221 ad
446 2185 577 2230 finem3
601 2195 636 2222 et
657 2187 740 2222 ideo
763 2187 799 2221 in
821 2187 892 2222 hoc
916 2187 1014 2234 quod
1037 2187 1125 2222 dicit
1139 2193 1255 2223 contra
1271 2188 1370 2234 legem
1385 2194 1570 2231 aeternam,
1586 2197 1660 2223 tan-

84 2240 137 2288 git
155 2241 386 2276 aversionem
405 2251 426 2275 a
445 2239 528 2284 fine,
550 2249 586 2276 et
603 2251 733 2276 omnes
756 2240 844 2276 alias
866 2241 1166 2276 inordinationes.

153 2294 214 2331 AD
235 2305 425 2335 QUARTUM
452 2294 660 2337 dicendum,
682 2295 780 2342 quod
807 2306 891 2329 cum
915 2294 1055 2337 dicitur,
1075 2295 1172 2342 quod
1196 2308 1262 2331 non
1281 2308 1375 2331 omna
1398 2302 1571 2344 peccalum
1592 2297 1661 2332 ideo

82 2348 271 2392 estmalum,
284 2350 363 2396 quia
374 2349 652 2396 estprobibitum,
664 2348 875 2395 intelligitur
889 2349 933 2383 de
943 2349 1188 2396 prohibitione
1200 2349 1294 2385 facta
1308 2352 1434 2397 perjus
1445 2359 1577 2397 positu
1579 2363 1662 2393 urn

83 2401 115 2438 si
133 2409 256 2438 autem
276 2401 452 2438 referatur
485 2402 529 2437 ad
560 2403 614 2449 jus
636 2401 812 2444 naturale,
835 2402 932 2449 quod
964 2403 1172 2438 continetur
1198 2404 1317 2451 primo
1352 2404 1529 2451 quidem
1522 2416 1557 2438 in
1580 2404 1661 2451 lege

83 2462 241 2499 aeterna,
261 2447 478 2492 secundario
498 2467 587 2491 vero
602 2456 637 2491 in
653 2456 808 2491 naturali
828 2456 1045 2502 judicatorio
1068 2457 1218 2492 rationis
1240 2458 1437 2500 humanae,
1459 2466 1544 2492 tunc
1568 2470 1662 2492 omna

76 2514 250 2557 peccatum
270 2515 316 2546 est
339 2510 479 2553 malum,
501 2512 582 2558 quia
597 2511 835 2558 prohibitmn;
865 2522 906 2545 ex
933 2510 1005 2546 hoc
1033 2512 1132 2546 enirn
1154 2511 1246 2559 ipso,
1274 2513 1370 2560 quod
1405 2521 1459 2547 est
1486 2512 1664 2547 inordina-

82 2570 172 2607 tum,
192 2563 261 2611 juri
279 2563 437 2600 naturali
457 2572 645 2612 repugnat.

153 2616 215 2654 AD
235 2627 417 2658 Qumwn
439 2617 647 2660 dicendum,
673 2617 771 2665 quod
795 2629 814 2652 a
837 2617 1043 2665 Theologis
1067 2619 1318 2654 consideratur
1344 2628 1535 2666 peccatum
1564 2631 1664 2666 prae·

83 2668 199 2718 cipue,
224 2671 425 2706 secundum
456 2671 554 2719 quod
576 2680 630 2707 est
663 2671 803 2707 offensa
834 2680 961 2707 contra
981 2673 1120 2715 Deum;
1145 2685 1164 2708 a
1186 2673 1418 2720 philosopho
1442 2682 1562 2708 autem
1586 2685 1663 2708 mo·

82 2722 161 2767 ruli,
185 2724 386 2760 secundum
406 2725 504 2773 quod
527 2725 770 2760 contrariatur
795 2725 949 2768 rationi;
968 2734 1003 2760 et
1022 2726 1104 2760 ideo
1124 2727 1352 2773 Augustinus
1380 2727 1661 2761 convenientius

82 2775 207 2814 definit
225 2786 417 2826 peccatum
438 2790 482 2814 ex
501 2779 573 2814 hoc
595 2779 693 2826 quod
716 2787 770 2814 est
790 2785 907 2815 contra
937 2780 1035 2825 legem
1055 2787 1242 2823 aatcrnam,
1270 2792 1379 2827 quam
1403 2792 1445 2815 ex
1468 2781 1539 2815 hoc
1563 2781 1660 2827 quod

82 2838 138 2866 ωε
155 2836 271 2867 contra
291 2832 478 2869 rationem.-
500 2833 694 2881 praecipue
717 2844 802 2868 cum
832 2845 895 2880 per
915 2832 1038 2880 legem
1066 2843 1252 2869 aeternam
1280 2834 1490 2881 regulemur
1512 2834 1546 2869 in
1571 2834 1661 2869 rnul-

82 2882 141 2928 τίς,
159 2895 253 2932 quae
273 2885 453 2923 excedunt
470 2886 653 2922 rationem
671 2886 893 2929 humanam;
916 2887 1009 2922 sicut
1030 2887 1066 2922 in
1088 2888 1156 2930 his,
1179 2899 1271 2935 quae
1294 2896 1376 2923 sunt
1397 2887 1491 2922 fidei.
