1875 3198
223 164 306 218 782
647 176 870 211 QUAESTIO
906 176 995 205 CIII.
1031 174 1276 206 ARTICULUS
1310 176 1367 205 IV.

222 257 382 291 varitiam
404 256 556 291 nimiam
584 256 809 303 diligentiam
837 257 1043 299 adhibebat,
1069 269 1114 292 ne
1142 257 1401 292 scandalizaret
1422 257 1591 302 Judaeos,
1616 257 1666 292 ita
1691 257 1788 304 quod

223 322 264 345 ex
285 311 357 345 hoc
380 319 589 356 sequeretur
609 311 808 345 Gentilium
832 311 1056 345 scandalum.

294 365 353 399 AD
377 374 548 399 TERTIUM
571 365 778 406 dicendum,
800 365 896 410 quod
921 364 1057 410 qnidam
1080 364 1254 407 dixerunt,
1278 364 1375 410 quod
1396 363 1457 398 illa
1479 364 1674 410 prohibitio
1694 364 1792 411 Apo-

222 418 401 453 stolorum
420 430 494 452 non
518 426 569 453 est
588 418 822 463 intelligenda
846 418 889 452 ad
912 418 1066 460 literam,
1090 418 1152 452 sed
1179 418 1379 452 secundum
1406 417 1630 464 spiritualem
1655 417 1791 452 intelle·
1832 456 1834 458 ,

223 480 338 507 ctum:
360 480 398 507 ut
417 472 554 507 scilicet
575 474 609 506 in
626 473 852 518 prohibitione
874 474 1043 518 sanguinis
1064 471 1286 517 intelligatur
1307 471 1503 518 prohibitio
1525 471 1734 507 homicidii:
1756 473 1790 506 in

218 527 441 573 prohibitione
458 527 609 572 snffocnti
631 525 852 572 intelligatur
879 526 1074 572 prohibitio
1101 525 1308 568 violentiae,
1337 533 1371 560 et
1397 526 1562 571 rapinae:
1589 527 1625 559 in
1643 525 1793 572 prohibi-

222 581 307 614 tione
328 580 579 614 invnolntornm
603 579 824 625 intelligatur
846 580 1042 626 prohibitio
1057 579 1307 614 idololatriae:
1322 580 1507 625 fornicatio
1530 587 1652 614 autem
1673 579 1792 625 prohi-

221 633 324 668 betur
345 641 533 679 tamquam
555 644 617 679 per
639 644 676 667 se
699 633 854 666 malum:
879 642 913 667 et
938 633 1031 667 hanc
1061 633 1272 679 opinionem
1301 633 1482 679 accipiunt
1509 644 1549 667 ex
1577 632 1790 679 quibusdam

222 687 363 734 glossis,
387 699 478 733 quae
500 687 710 732 hujusmodi
732 695 924 733 praecepta
947 687 1099 733 mystice
1123 695 1319 733 exponunt.
1340 686 1411 720 Sed
1433 686 1517 733 quia
1538 686 1791 728 homicidium,

222 750 256 776 et
277 741 402 788 rapina
424 742 533 776 etiam
551 741 645 787 apud
662 740 826 775 Gentiles
849 741 1107 787 reputabantur
1121 740 1257 782 illicita,
1277 751 1351 774 non
1366 740 1585 786 oportuisset
1599 751 1706 785 super
1718 739 1790 773 hoc

222 795 378 841 speciale
402 795 614 829 mandatum
638 794 714 828 dari
735 794 803 836 his,
827 794 888 840 qui
911 802 1012 829 erant
1038 805 1078 828 ex
1102 794 1302 840 gentilitate
1325 793 1491 828 conversi
1517 793 1560 827 ad
1584 793 1791 835 Christum3

222 848 316 883 unde
343 849 403 883 olii
437 849 572 890 dicunt,
607 848 703 894 quod
732 848 775 881 ad
804 847 946 882 literam
974 847 1035 881 illa
1063 847 1305 882 comestibilia
1330 847 1474 882 fuerunt
1499 847 1691 894 prohibita,
1717 858 1792 881 non

221 910 366 948 propter
381 901 651 936 observantiam
666 901 852 947 legalium,
868 902 929 935 sed
942 909 1088 947 propter
1098 901 1222 947 gulam
1238 900 1567 948 comprimendam;
1583 900 1678 934 unde
1692 900 1790 934 Hier.

221 955 424 1002 superillud
438 955 567 989 Ezech.
580 965 647 998 44:
667 956 773 990 Omne
787 957 1013 997 morticinium,
1031 963 1097 990 etc.
1113 955 1257 1002 (cir.fin.
1274 955 1464 1000 comment.)
1477 954 1573 988 dicit:
1587 954 1793 989 Condeninat

220 1009 409 1050 sacerdotes,
437 1011 493 1055 qm·
509 1011 541 1043 in
561 1010 653 1051 ciliis,
678 1014 707 1044 et
729 1011 862 1044 caeteris
881 1009 1081 1055 hujusmodi,
1098 1009 1175 1044 haec
1197 1009 1374 1055 cupiditate
1392 1008 1488 1054 gulae
1509 1020 1575 1042 non
1597 1007 1790 1043 custodiunt.

222 1063 293 1098 Sed
316 1065 399 1109 quia
421 1071 504 1098 sunt
528 1063 709 1109 quaedam
732 1063 860 1097 cibalia
884 1063 1001 1109 magis
1030 1063 1196 1105 delicata,
1227 1071 1261 1097 et
1291 1062 1415 1109 gulam
1445 1062 1694 1109 provocantia,
1716 1073 1790 1096 non

220 1117 361 1151 videtur
379 1117 482 1159 ratio,
506 1128 615 1163 quare
638 1116 781 1151 fuerunt
802 1117 893 1151 haec
914 1117 1042 1163 magis,
1057 1129 1167 1163 quarn
1191 1116 1271 1159 alia,
1293 1116 1494 1162 prohibita3
1517 1125 1552 1151 et
1571 1116 1654 1151 ideo
1677 1116 1794 1150 dicen—

221 1171 307 1205 dum
330 1171 530 1205 secundum
553 1172 682 1205 tsrtiom
707 1171 931 1217 opinionem,
954 1170 1050 1217 quod
1074 1170 1117 1205 ad
1140 1170 1281 1205 literam
1308 1170 1376 1204 ista
1397 1178 1480 1205 sunt
1501 1170 1692 1217 prohibita,
1718 1180 1792 1204 non

222 1225 265 1259 ad
285 1224 553 1259 observandum
577 1224 827 1259 caeremonias
848 1224 950 1270 legis,
973 1224 1035 1259 sed
1055 1224 1098 1258 ad
1120 1224 1192 1258 hoc
1215 1224 1312 1270 quod
1334 1232 1457 1270 posset
1478 1223 1684 1258 coalescere
1706 1223 1792 1257 unio

223 1278 435 1321 Gentilium,
459 1286 492 1312 et
510 1278 732 1323 Judaeorum
755 1278 863 1312 simul
884 1278 1138 1312 habitantium.
1157 1277 1301 1323 Judaeis
1324 1278 1421 1312 enim
1440 1286 1587 1324 propter
1608 1277 1792 1323 antiquam

222 1332 523 1366 consuetudinem
544 1333 686 1377 sangnis,
711 1339 746 1366 et
765 1332 960 1378 suffocatum
976 1340 1076 1366 erant
1091 1331 1368 1374 abominabilia;
1391 1331 1569 1366 comestio
1592 1339 1712 1365 autem
1731 1331 1794 1364 im-

222 1385 445 1420 molatorum
464 1385 668 1420 simulacris
690 1393 832 1431 poterat
852 1386 888 1419 in
903 1385 1048 1430 Judaeis
1070 1396 1292 1431 aggenerare
1315 1385 1411 1419 circa
1440 1384 1603 1420 Gentiles
1622 1384 1794 1430 suspicio-

222 1451 308 1474 nem
330 1439 463 1474 reditus
487 1440 530 1473 ad
550 1439 815 1482 idololatriam3
839 1447 874 1473 et
895 1439 976 1473 ideo
999 1440 1066 1474 ista
1088 1438 1233 1473 fuerunt
1254 1438 1435 1485 prohibita
1449 1450 1514 1484 pro
1536 1446 1702 1484 tempore
1716 1437 1792 1480 illo,

223 1494 259 1527 in
275 1505 346 1540 quo
365 1494 407 1527 de
426 1505 524 1528 novo
540 1493 730 1539 oportebat
750 1493 944 1527 convenire
960 1493 995 1527 in
1010 1504 1124 1527 unum
1140 1492 1315 1535 Gentiles,
1331 1500 1365 1527 et
1381 1492 1550 1538 Judaeos.
1566 1491 1791 1526 Procedente

224 1555 345 1582 autem
375 1555 553 1593 tempore,
588 1552 724 1582 cessante
747 1559 858 1589 consa,
893 1548 1028 1582 cessavit
1061 1552 1089 1581 et
1122 1547 1257 1592 effectus,
1293 1545 1522 1581 manifestata
1551 1545 1793 1591 Evangelicae

223 1602 410 1636 doctrinae
431 1601 593 1644 veritate,
615 1601 651 1635 in
675 1613 744 1647 qua
767 1601 949 1635 Dominus
974 1601 1093 1643 docet,
1116 1600 1212 1646 quod
1235 1600 1320 1634 nihil
1340 1599 1426 1646 qnod
1441 1606 1503 1646 per
1523 1612 1556 1635 os
1577 1601 1693 1642 intrat,
1709 1600 1796 1634 coin-

222 1657 340 1701 quinat
359 1656 535 1698 hominem,
555 1663 593 1689 ut
608 1655 738 1689 dicitur
752 1655 879 1689 Matth.
901 1666 951 1699 15.
969 1662 1002 1688 et
1021 1654 1118 1700 quod
1133 1654 1217 1688 nihil
1227 1659 1272 1689 est
1288 1654 1517 1699 rejiciendum,
1532 1653 1617 1700 quod
1635 1665 1709 1688 cum
1721 1664 1797 1699 gra-

222 1711 348 1744 tiarnm
370 1711 499 1744 actione
514 1711 711 1756 percipitur,
736 1717 774 1743 ut
799 1720 826 1743 1.
850 1708 893 1742 ad
918 1708 1082 1742 Timoth.
1105 1718 1137 1751 4.
1158 1707 1304 1742 dicitur:
1332 1708 1511 1751 fornicatio
1534 1715 1656 1742 autem
1677 1707 1796 1753 prohi-

223 1763 325 1798 betur
348 1763 564 1809 specialiter,
584 1763 666 1809 quia
691 1762 854 1797 Gentiles
877 1773 951 1797 non
973 1762 1188 1808 reputabant
1209 1773 1291 1796 eam
1314 1773 1392 1797 esse
1412 1769 1615 1807 peccatum.

741 2081 1098 2142 QUAESTIO
1142 2080 1270 2128 CIV.

222 2212 285 2242 DE
312 2210 595 2242 PRAECEPTIS
622 2211 963 2251 JUDICIALIBUS,
988 2211 1039 2242 IN
1066 2209 1295 2251 QUATUOR
1322 2208 1586 2241 ARTICULOS
1613 2207 1788 2239 DIVISA.

294 2354 573 2400 Consequenter
595 2353 900 2387 considerandum
920 2361 974 2388 est
992 2353 1035 2388 de
1055 2353 1253 2399 praeceptis
1271 2352 1509 2399 judicialibus,
1529 2359 1564 2386 et
1576 2352 1689 2398 primo
1711 2361 1794 2385 con-

222 2407 452 2442 siderandum
476 2416 529 2442 est
550 2407 593 2442 dc
616 2408 700 2454 ipsis
723 2408 756 2441 in
782 2407 989 2443 communi:
1010 2407 1147 2443 secundo
1170 2408 1213 2441 de
1236 2406 1434 2441 rationibus
1456 2417 1594 2440 eorum.

675 2497 776 2532 Circa
793 2498 943 2543 primum
965 2503 1170 2544 quam-metm·
1191 2503 1344 2543 quatuor.

294 2569 429 2604 Primo.
455 2569 561 2610 Quae
584 2569 654 2604 sint
675 2569 856 2615 judicialia
877 2579 1078 2617 praecepta.

295 2624 474 2658 Secundo.
500 2624 632 2658 Utrum
655 2623 725 2658 sint
748 2623 922 2668 figuralia.

294 2677 432 2711 Tertio.
457 2678 511 2711 De
536 2677 726 2711 duratione
749 2688 887 2711 eorum.

296 2730 448 2771 Quarto.
473 2732 528 2765 De
551 2731 781 2765 distinctione
805 2743 943 2765 eorum.
