1875 3198
258 171 342 226 728
719 182 940 218 QUAESTIO
975 183 1013 211 c,
1047 182 1294 212 ARTICULUS
1324 183 1366 212 x.

258 264 334 298 sine
356 264 542 306 charitate,
568 272 688 310 potest
713 263 791 297 fieri
816 263 892 297 sine
920 263 1045 309 gratia,
1071 274 1164 309 quae
1190 274 1334 308 semper
1360 262 1530 308 adjuncta
1555 271 1611 298 est
1636 263 1820 305 charitati;

258 328 344 363 ergo
367 317 494 363 aliquis
516 325 634 363 potest
654 315 805 362 implere
826 324 1019 362 praecepta
1040 315 1131 361 legis
1153 316 1228 350 sine
1251 315 1385 362 gratia:
1406 316 1477 350 hoc
1501 323 1553 350 est
1574 324 1696 351 autem
1721 316 1821 351 Pela-

257 370 355 416 giani
376 371 517 412 erroris,
547 379 586 404 ut
610 378 708 415 patet
733 380 796 414 per
821 369 1068 414 Augustinum
1093 369 1130 402 in
1156 368 1216 403 lib.
1243 369 1287 403 de
1313 369 1532 403 Haeresibus
1559 369 1700 413 (haeresi
1723 370 1796 415 88.)
1805 383 1818 411 ;

256 434 343 470 ergo
365 424 496 458 modus
519 423 702 457 charitatis
725 431 778 456 est
797 422 834 456 in
855 430 1060 468 praecepto.

328 477 402 511 SED
425 487 580 511 CONTRA
602 484 666 517 est,
689 476 772 521 quia
793 475 1012 521 quicumque
1033 486 1109 509 non
1130 483 1250 509 servat
1269 483 1514 522 praeceptum,
1539 484 1668 521 peccat
1688 484 1820 511 morta-

254 529 346 573 liter,
360 531 389 564 si
403 531 511 576 igitur
532 529 662 563 modus
679 529 861 562 charitatis
881 528 987 562 cadat
1004 528 1067 562 sub
1083 535 1289 574 praecepto,
1304 529 1475 574 sequitur,
1489 529 1587 572 quod
1601 531 1820 576 quicumque

256 592 424 628 operatur
446 583 591 628 aliquid,
613 590 649 616 et
668 593 744 616 non
765 593 808 615 ex
830 581 1015 622 charitate,
1033 590 1160 627 peccet
1181 581 1400 616 mortaliter:
1422 581 1486 616 sed
1504 582 1724 629 quicumque
1744 594 1820 617 non

254 636 364 671 habet
385 637 610 678 charitatem,
629 643 797 682 operatur
816 646 892 669 non
906 646 948 669 ex
962 634 1156 677 charitate3
1178 645 1265 680 ergo
1287 635 1457 680 sequitur,
1479 635 1578 681 quod
1599 636 1820 682 quicumque

253 701 328 724 non
348 690 458 724 habet
480 689 705 730 charitatem,
728 696 855 734 peccet
875 687 1077 722 mortaliter
1090 688 1126 721 in
1142 688 1243 721 omni
1265 698 1386 734 opere,
1401 688 1499 734 quod
1519 688 1616 731 facit,
1631 697 1821 735 quantum-

255 754 409 789 cumque
436 743 481 776 sit
501 742 544 776 de
567 753 699 788 genere
720 742 914 783 bonorum,
936 741 1034 787 quod
1055 749 1109 775 est
1128 740 1401 775 inconveniens.

323 796 552 830 RESPONDEO
575 795 781 837 dicendum,
804 795 901 841 quod
923 795 1018 828 circa
1038 794 1110 828 hoc
1131 793 1277 828 fuerunt
1293 794 1498 829 contrariae
1517 795 1720 841 opiniones.
1737 796 1822 840 Qui—

252 849 329 884 dam
352 850 449 884 enirn
479 850 645 884 dixerunt
670 848 834 883 absolute
861 848 1014 882 modurn
1041 847 1224 882 charitatis
1247 858 1324 882 esse
1349 849 1414 882 sub
1436 856 1650 894 praecepto:
1673 859 1739 882 nec
1767 858 1822 884 est

252 902 474 949 impossibile
497 903 689 936 observare
714 902 786 936 hoc
813 909 1047 948 praeceptum
1070 901 1285 935 charitatem
1310 912 1387 936 non
1407 901 1574 937 habenti:
1596 902 1681 948 quia
1700 910 1822 948 potest

251 967 289 990 se
310 956 502 1002 disponere
524 956 567 989 ad
589 956 661 989 hoc
683 955 780 1001 quod
803 955 959 989 charitas
981 955 1014 989 ei
1033 954 1242 988 infundatur
1263 966 1284 988 a
1300 955 1401 988 Deo:
1422 965 1490 989 nec
1513 955 1818 1002 quandocumque

251 1009 378 1056 aliquis
399 1021 474 1043 non
495 1009 632 1043 habens
654 1009 869 1043 charitatem
889 1007 976 1042 facit
997 1007 1133 1054 aliquid
1151 1008 1194 1041 de
1213 1019 1345 1054 genere
1363 1008 1560 1052 bonorum,
1578 1017 1706 1055 peccat
1726 1020 1820 1043 mor-

250 1062 387 1105 taliter3
410 1064 493 1109 quia
514 1063 585 1097 hoc
613 1070 666 1097 est
692 1069 925 1109 praeceptum
952 1060 1220 1103 affirmativum,
1242 1069 1281 1095 ut
1303 1072 1345 1095 ex
1373 1061 1548 1096 charitate
1574 1070 1762 1108 operetur3
1784 1070 1821 1097 et

250 1128 324 1150 non
347 1116 484 1162 obligat
505 1116 549 1150 ad
571 1128 726 1162 semper,
749 1116 811 1150 sed
833 1127 898 1162 pro
919 1123 1085 1161 tempore
1106 1114 1182 1156 illc,
1209 1125 1281 1160 quo
1304 1114 1433 1161 aliquis
1458 1115 1569 1150 habet
1590 1115 1819 1150 charitatem.

250 1170 324 1205 Alii
344 1181 430 1204 vero
453 1169 629 1212 dixerunt,
653 1170 749 1216 quod
772 1170 924 1204 omnino
947 1169 1078 1203 modus
1100 1168 1284 1202 charitatis
1305 1179 1381 1202 non
1403 1168 1499 1202 cadit
1520 1168 1584 1203 sub
1603 1177 1819 1215 praecepto:

250 1223 391 1269 utrique
414 1232 536 1257 autern
558 1231 734 1269 quantum
757 1223 800 1256 ad
819 1222 953 1269 aliquid
971 1233 1099 1256 verum
1117 1221 1302 1256 dixerunt:
1325 1230 1426 1256 actus
1445 1222 1543 1256 enim
1565 1222 1748 1256 charitatis
1763 1222 1819 1256 ιΙιι-

244 1277 380 1324 pliciter
402 1276 623 1311 considerari
648 1284 778 1323 potest.
807 1276 879 1310 Uno
901 1275 1010 1316 morlo,
1033 1275 1235 1310 secundum
1257 1275 1354 1321 quod
1380 1282 1434 1310 est
1459 1275 1608 1321 quidam
1629 1283 1730 1310 actus
1755 1286 1820 1322 per

250 1341 305 1364 se:
329 1339 364 1364 et
389 1331 447 1365 boc
468 1330 564 1364 modo
587 1330 676 1365 cadit
703 1331 759 1364 sub
781 1334 955 1376 praecepto
986 1329 1074 1375 Iagis,
1097 1328 1195 1374 quod
1222 1328 1266 1362 de
1291 1328 1363 1363 hoc
1385 1328 1590 1375 specialiter
1611 1329 1733 1371 datur;
1754 1329 1818 1363 sci-

248 1383 350 1418 licet:
372 1385 500 1430 Diliges
513 1385 701 1418 Dominum
714 1384 825 1417 Deum
840 1388 945 1424 tuum,
968 1391 1019 1416 et:
1039 1383 1168 1427 Diliges
1183 1383 1383 1429 proximum
1401 1387 1508 1423 tuum;
1526 1390 1563 1417 et
1575 1390 1751 1428 quantum
1773 1382 1817 1416 ad

247 1437 319 1471 hoc
337 1439 446 1484 primi
466 1449 594 1472 verum
616 1437 798 1471 dixerunt:
821 1447 895 1470 non
918 1436 1016 1470 enirn
1038 1443 1091 1470 est
1111 1435 1337 1481 impossibile
1355 1435 1427 1469 hoc
1447 1443 1681 1482 praeceptum
1700 1436 1821 1470 obser·

247 1502 344 1532 vare,
367 1491 463 1537 quod
486 1499 539 1525 est
559 1491 602 1524 de
626 1498 708 1524 actu
731 1490 933 1524 charitatis:
955 1489 1037 1535 quia
1052 1489 1167 1523 homo
1186 1496 1306 1535 potest
1327 1499 1364 1523 se
1386 1489 1578 1535 disponere
1601 1489 1646 1523 ad
1667 1489 1818 1523 charita-

247 1552 322 1578 tem
342 1544 567 1585 habendam,
589 1552 623 1578 et
645 1543 790 1589 quando
811 1543 978 1577 habuerit
999 1553 1091 1583 earn,
1110 1550 1229 1588 potest
1251 1553 1293 1576 ea
1314 1542 1376 1576 uti.
1392 1542 1471 1576 Alio
1486 1541 1582 1576 modo
1601 1549 1720 1588 potest
1734 1553 1820 1577 con-

247 1597 394 1632 siderari
413 1605 512 1631 actus
532 1597 727 1638 charitatis,
743 1596 943 1631 secundum
962 1596 1058 1642 quod
1075 1604 1129 1630 est
1145 1596 1276 1630 modus
1292 1603 1439 1630 actuum
1459 1595 1615 1630 aliarum
1631 1597 1818 1638 virtutum,

246 1651 318 1685 hoc
346 1659 399 1685 est
423 1650 622 1685 secundum
650 1650 747 1696 quod
775 1658 875 1684 actus
904 1649 1056 1683 aliarum
1083 1649 1256 1683 virtutum
1283 1649 1497 1683 ordinantur
1525 1649 1569 1683 ad
1591 1649 1819 1691 charitatem,

248 1716 340 1750 quae
361 1706 497 1750 estfim's
510 1705 689 1751 praecepti,
707 1712 744 1737 ut
758 1704 887 1737 dicitur
913 1714 940 1737 1.
964 1704 1007 1736 ad
1031 1702 1128 1736 Tim.
1156 1713 1203 1736 1.:
1226 1702 1364 1736 dictum
1382 1710 1436 1736 est
1454 1702 1553 1736 enim
1574 1713 1680 1749 supra
1697 1703 1745 1748 (q.
1766 1714 1815 1738 12.

247 1763 311 1793 art.
326 1758 391 1803 4.),
408 1758 503 1804 quod
525 1758 677 1791 intentio
693 1756 772 1791 finis
788 1764 841 1790 est
855 1757 1002 1802 quidam
1017 1756 1148 1790 modus
1167 1755 1330 1790 formalis
1351 1764 1453 1790 actus
1468 1755 1624 1790 ordinati
1638 1756 1674 1790 in
1688 1755 1815 1798 finem3

247 1819 282 1845 et
302 1811 372 1845 hoc
393 1811 504 1845 modo
523 1822 650 1844 verum
673 1819 736 1852 est,
753 1810 849 1856 quod
870 1809 1000 1844 secundi
1013 1810 1188 1851 dixerunt,
1204 1809 1301 1855 quod
1320 1808 1434 1843 modus
1449 1809 1623 1844 charitatis
1643 1821 1708 1843 uon
1729 1809 1820 1844 cadit

245 1866 514 1911 sulvpracceplo:
537 1864 608 1898 hoc
631 1871 685 1897 est
710 1863 860 1905 dictum,
887 1863 983 1908 quod
1010 1863 1047 1896 in
1073 1863 1144 1897 hoc
1167 1870 1381 1909 praecepto:
1403 1863 1547 1897 Honora
1567 1867 1715 1909 patrem,
1742 1873 1816 1897 non

246 1917 452 1960 includitur,
468 1918 564 1963 quod
578 1917 778 1951 honoretur
792 1924 893 1962 pater
908 1928 951 1950 ex
966 1916 1152 1957 charitate,
1168 1916 1229 1950 sed
1245 1916 1365 1950 solum
1379 1916 1477 1962 quod
1491 1915 1692 1950 honoretur
1705 1924 1819 1962 pater,

246 1971 340 2005 unde
352 1971 580 2017 quihonorat
593 1970 836 2016 patrem,licet
849 1981 923 2003 non
937 1970 1069 2003 habeat
1084 1969 1310 2011 charitatem,
1321 1979 1396 2003 non
1410 1967 1563 2003 efficitur
1571 1977 1818 2015 transgressor

245 2025 352 2070 hujus
374 2025 568 2071 praecepti,
592 2024 657 2058 etsi
685 2024 729 2057 sit
757 2032 977 2069 trasgressor
1003 2023 1198 2069 praecepti,
1228 2023 1327 2069 quod
1354 2031 1407 2057 est
1436 2023 1480 2057 de
1511 2030 1593 2057 actu
1615 2023 1819 2066 charitatis;

246 2086 391 2124 propter
413 2089 522 2123 quam
544 2079 869 2124 transgressionem
891 2085 1049 2111 meretur
1076 2088 1244 2122 poenam.

318 2132 378 2166 AD
400 2142 548 2166 PRIMUM
572 2142 659 2176 ergo
682 2131 887 2172 dicendum,
910 2131 1007 2177 quod
1029 2131 1212 2165 Dominus
1234 2141 1307 2164 non
1330 2130 1435 2164 dixit:
1456 2130 1492 2165 Si
1508 2131 1561 2165 vis
1577 2130 1621 2164 acl
1640 2131 1749 2165 vitam-
1769 2131 1818 2164 in-

245 2185 348 2232 gredi,
368 2197 463 2219 serva
481 2197 581 2218 mlum
603 2184 807 2226 nnzndalum,
828 2185 907 2218 sed:
929 2196 1025 2218 serva
1044 2185 1157 2218 omnia
1175 2183 1348 2224 mundaum·
1370 2183 1464 2218 inter
1485 2194 1578 2230 quae
1605 2184 1714 2218 etiam
1734 2194 1820 2218 con-

246 2239 378 2274 tinetur
399 2238 611 2272 mandatum
633 2237 676 2272 de
699 2237 893 2272 dilectione
915 2237 996 2279 Dei,
1019 2245 1053 2271 et
1075 2237 1243 2283 proximi.

317 2292 377 2326 AD
401 2302 607 2326 SECUNDUM
627 2291 833 2332 dicendum,
848 2291 946 2337 quod
964 2290 1028 2325 sub
1052 2298 1244 2337 praecepto
1268 2290 1452 2324 charitatis
1472 2290 1689 2332 continetur,
1711 2298 1749 2324 ut
1769 2290 1819 2324 di·

245 2346 376 2392 ligatur
397 2345 496 2379 Deus
519 2356 562 2378 ex
583 2352 660 2378 toto
684 2344 812 2386 corde;
835 2345 878 2378 ad
897 2345 994 2390 quod
1017 2344 1181 2390 pertinet,
1203 2351 1241 2377 ut
1262 2343 1387 2378 omnia
1406 2342 1607 2378 referantur
1624 2343 1660 2377 in
1674 2343 1815 2386 Deum;

247 2407 281 2433 et
302 2399 383 2433 ideo
405 2406 639 2445 praeceptum
663 2397 847 2431 charitatis
869 2396 1020 2443 implere
1042 2397 1157 2431 homo
1176 2407 1250 2431 non
1272 2404 1402 2443 potest,
1417 2396 1487 2431 nisi
1504 2397 1614 2431 etiam
1627 2397 1752 2431 omnia
1765 2407 1817 2431 re-

246 2451 405 2486 ferantur
426 2452 461 2485 in
482 2452 623 2492 Deum;
646 2451 696 2485 sic
718 2462 805 2496 ergo
828 2451 888 2496 qui
909 2451 1067 2485 honorat
1088 2458 1268 2496 parentes,
1286 2458 1429 2485 tenetur
1445 2461 1488 2484 ex
1508 2450 1681 2484 charitate
1703 2450 1819 2484 hono-

246 2517 336 2547 rare,
357 2516 431 2539 non
453 2517 496 2539 ex
518 2505 554 2538 vi
574 2504 681 2549 hujus
702 2505 894 2550 praecepti,
922 2504 1018 2550 quod
1041 2513 1112 2538 est:
1136 2504 1283 2538 Honora
1305 2509 1472 2551 parentes,
1499 2504 1562 2539 sed
1588 2516 1631 2538 ex
1652 2504 1688 2538 vi
1709 2504 1816 2549 hujus

247 2559 446 2606 praecepti:
462 2558 589 2603 Diliges
610 2558 794 2592 Dominum
809 2558 919 2592 Deum
941 2563 1033 2592 tuum
1054 2570 1092 2592 aa·
1107 2563 1174 2592 toto
1195 2557 1290 2592 cordo
1312 2563 1366 2592 tuo
1376 2570 1388 2598 ,·
1411 2565 1447 2592 et
1467 2569 1550 2592 cum
1569 2557 1637 2592 ista
1651 2557 1722 2592 sint
1741 2557 1817 2592 duo

247 2620 438 2659 praecepta
461 2610 675 2645 affirmativa
696 2622 769 2645 non
792 2610 989 2655 obligantia
1013 2611 1055 2644 ad
1079 2622 1232 2657 semper,
1252 2618 1403 2657 possunt
1424 2622 1489 2658 pro
1508 2611 1658 2645 diversis
1678 2619 1818 2658 tempo-

247 2666 342 2700 ribus
365 2664 546 2709 obligare:
571 2673 605 2698 et
626 2664 675 2698 ita
696 2671 814 2710 potest
836 2664 1059 2709 contingere,
1079 2665 1174 2710 quod
1195 2664 1323 2711 aliquis
1340 2663 1496 2710 implens
1517 2672 1752 2711 praeceptum
1770 2664 1818 2699 de

246 2719 488 2753 honoratione
516 2727 717 2764 parentum,
743 2728 817 2751 non
844 2725 927 2751 tunc
962 2718 1246 2763 transgrediatur
1278 2725 1513 2764 praeceptum
1543 2717 1586 2752 de
1614 2717 1816 2752 omissione

249 2771 308 2816 [al.
331 2772 570 2816 observatione]
596 2771 695 2805 modi
714 2770 908 2804 charitatis.

318 2826 378 2859 An
413 2835 583 2859 Trarion
618 2825 823 2866 dicendum,
854 2824 949 2869 quod
984 2825 1176 2858 observare
1204 2825 1328 2859 omnia
1359 2831 1551 2871 praecepta
1579 2823 1670 2871 legis
1697 2823 1814 2859 homo

246 2889 319 2913 non
348 2886 476 2924 potest,
504 2878 570 2912 nisi
606 2877 754 2924 impleat
786 2885 1019 2923 pracceptum
1055 2877 1262 2919 charitatis;
1287 2878 1385 2924 quod
1418 2888 1493 2912 non
1519 2876 1557 2912 fit
1582 2877 1660 2912 sine
1686 2877 1817 2923 gratia,
