1907 3182
231 187 315 230 472
655 187 874 222 QUAESTIO
909 187 1056 216 LXVIII.
1091 187 1334 217 ARTICULUS
1367 187 1411 218 ΙΙ.

234 279 471 303 communem
492 267 753 313 perfectionem
788 268 945 302 virtutis:
980 280 1054 302 non
1089 276 1209 302 autem
1232 276 1285 302 est
1309 268 1451 302 homini
1476 269 1721 304 necessarium
1746 270 1791 304 ad

233 321 399 363 salutem,
422 330 460 355 ut
480 322 689 366 hujusmodi
711 321 969 368 perfectionem
995 330 1245 367 consequatur,
1268 333 1359 368 quae
1382 330 1434 356 est
1448 321 1539 356 ultra
1553 333 1789 357 communem

231 383 363 409 statum
384 375 541 417 virtutis;
566 375 647 420 quia
669 375 877 419 hujusmodi
904 374 1075 421 perfectio
1102 386 1175 408 non
1203 376 1297 409 cadit
1323 376 1386 409 sub
1409 383 1614 421 praecepto,
1635 376 1698 410 sed
1723 377 1787 410 sub

233 428 405 470 consili03
428 439 514 473 ergo
537 428 632 461 dona
651 439 723 461 non
743 436 824 461 sunt
845 428 1046 462 necessaria
1068 428 1210 461 homini
1231 429 1274 462 ad
1294 428 1459 462 salutem.

303 491 333 514 2.
353 481 587 515 PRAETEREA.
610 481 667 514 Ad
690 481 843 514 salutem
865 481 1024 515 hominis
1052 481 1192 522 sufficit,
1220 482 1316 527 quod
1342 481 1456 516 homo
1483 493 1521 516 se
1547 481 1639 515 bene
1660 481 1793 516 habeat

233 541 267 568 et
288 534 383 567 circa
405 534 535 575 divina,
559 542 591 567 et
611 535 704 568 circa
722 534 902 568 humana:
921 534 982 568 sed
1002 546 1064 580 per
1082 535 1229 569 virtutes
1247 534 1473 580 theologicas
1494 535 1608 569 homo
1627 546 1665 569 se
1682 535 1793 570 habet

231 587 321 621 bene
344 587 437 621 circa
453 588 582 628 divina,
598 599 661 632 per
675 587 822 621 virtutes
846 596 967 621 autem
991 588 1146 622 morales
1170 588 1265 622 circa
1282 588 1460 630 humana3
1483 599 1569 634 ergo
1591 588 1686 622 dona
1710 599 1785 622 non

232 649 313 675 sunt
334 641 473 674 homini
495 641 697 675 necessaria
720 641 762 674 ad
785 641 948 675 salutem.

307 706 334 740 3.
356 694 590 728 PRAETEREA.
616 694 768 739 Gregor.
792 694 877 728 dicit
902 695 938 728 in
965 705 996 728 2.
1019 695 1109 728 Mor.
1133 696 1220 741 (cap.
1244 694 1298 729 26.
1321 706 1341 729 a
1358 695 1500 741 princ),
1520 694 1617 740 quod
1637 694 1791 740 Spiritus

234 747 386 781 Sanctus
417 748 476 780 dat
502 747 714 793 sapientiam
743 756 867 780 contra
894 748 1093 790 stultitiam,
1118 748 1342 782 intellectum
1373 756 1498 782 contra
1523 748 1792 789 hebetudinem,

233 800 425 834 consilium
452 809 577 834 contra
604 800 952 846 praecipitationem,
974 800 1221 835 fortitudinem
1245 809 1370 835 contra
1395 801 1577 842 timorem,
1604 801 1792 835 scientiam

234 862 358 887 contra
373 854 626 897 ignorantiam,
642 854 812 899 pietatem
829 862 954 888 contra
969 855 1149 895 duritiam,
1166 853 1408 888 humilitatem
1424 861 1549 888 contra
1568 854 1792 900 superbiam:

232 907 293 940 sed
314 906 493 940 sufficiens
516 907 716 941 remedium
739 915 856 952 potest
877 908 1038 941 adhiberi
1056 908 1099 941 ad
1119 908 1243 941 omnia
1264 908 1330 941 ista
1351 907 1511 941 tollenda
1533 918 1595 953 per
1615 907 1786 950 virtutes,

233 971 318 1005 ergo
341 960 436 993 dona
457 971 531 993 non
553 968 635 994 sunt
655 961 858 994 necessaria
880 961 1022 994 homini
1044 961 1087 994 ad
1110 961 1275 995 salutem.

303 1013 377 1047 SED
405 1024 569 1047 CONTRA.
593 1014 688 1048 Inter
707 1014 803 1047 dona
822 1025 1007 1048 summum
1024 1014 1164 1048 videtur
1181 1025 1258 1048 esse
1276 1013 1462 1059 sapientia,
1480 1013 1647 1047 infimum
1670 1021 1791 1048 autem

232 1067 359 1101 timor:
381 1074 572 1112 utrumque
595 1075 715 1101 autem
731 1067 862 1101 horum
880 1068 1126 1101 necessarium
1141 1075 1194 1101 est
1209 1067 1252 1100 ad
1268 1067 1435 1101 salutem:
1455 1067 1538 1113 quia
1557 1067 1600 1101 de
1619 1068 1795 1113 sapientia

234 1120 362 1154 dicitur
384 1120 466 1165 Sap.
483 1130 534 1165 7.:
559 1121 730 1154 Neminem
749 1121 855 1166 diligit
875 1122 978 1163 Deus,
1006 1122 1068 1155 nisi
1086 1133 1170 1163 cum,
1194 1122 1249 1166 qui
1271 1133 1344 1154 cum
1369 1121 1532 1167 sapientia
1557 1121 1742 1156 inhabitat:
1762 1128 1796 1155 et

235 1173 277 1207 de
295 1173 425 1207 timore
447 1173 576 1207 dicitur
594 1173 703 1207 Eccli.
723 1185 768 1208 1.:
787 1175 857 1218 Qui
870 1176 936 1208 sine
955 1176 1071 1208 timore
1089 1179 1143 1215 est,
1163 1175 1568 1220 nonpoteritjustificar&
1581 1185 1668 1220 ergo
1687 1174 1795 1209 etiam

234 1226 303 1260 alia
325 1226 419 1260 dona
442 1227 560 1261 media
582 1235 664 1261 sunt
684 1228 886 1261 necessaria
909 1228 951 1261 ad
974 1227 1139 1261 salutern.

305 1280 533 1314 RESPONDEO
561 1280 766 1322 dicendum,
800 1281 908 1326 quod,
943 1281 1034 1315 sicut
1067 1281 1204 1314 dictum
1237 1288 1289 1314 est
1315 1281 1399 1325 (art.
1417 1281 1563 1327 praem),
1590 1280 1687 1315 dona
1713 1289 1797 1315 sunt

235 1333 413 1379 quaedam
434 1334 593 1367 hominis
615 1333 864 1380 perfectiones,
887 1334 1014 1379 quibus
1041 1334 1156 1368 horno
1178 1333 1378 1379 disponitur
1405 1335 1448 1368 ad
1473 1334 1558 1376 hoc,
1580 1334 1676 1381 quod
1703 1334 1794 1369 bene

235 1395 404 1433 sequatur
425 1387 633 1421 instinctum
657 1387 838 1429 divinum3
861 1388 954 1421 unde
976 1387 1012 1420 in
1038 1387 1105 1428 his,
1132 1387 1169 1420 in
1195 1386 1323 1433 quibus
1348 1398 1422 1421 non
1448 1386 1579 1421 sufficit
1604 1387 1793 1422 instinctus

235 1441 395 1482 rationis,
422 1441 483 1474 sed
510 1448 562 1475 est
587 1442 808 1475 necessarius
843 1440 995 1486 Spiritus
1024 1440 1147 1474 Sancti
1174 1440 1372 1482 instinctus,
1400 1451 1462 1486 per
1492 1451 1717 1487 consequens
1745 1449 1797 1475 est

235 1494 479 1528 necessarium
495 1494 643 1528 donum.
662 1494 768 1528 Ratio
784 1502 905 1528 autem
920 1494 1079 1528 hominis
1095 1502 1147 1528 est
1166 1493 1323 1539 perfecta
1341 1493 1518 1540 dupliciter
1531 1505 1550 1527 a
1565 1494 1665 1528 Deo:
1680 1495 1795 1541 primo

237 1547 380 1593 quidem
403 1547 555 1581 naturali
577 1547 809 1594 perfectione,
832 1547 1030 1581 secundum
1050 1546 1188 1581 scilicet
1209 1546 1333 1580 lumen
1354 1546 1517 1581 naturale
1539 1547 1706 1581 rationis:
1729 1548 1795 1581 alio

237 1609 357 1635 autem
380 1601 473 1635 modo
496 1601 651 1647 quadam
673 1601 934 1646 supernaturali
956 1600 1174 1647 perfectione
1190 1611 1251 1646 per
1265 1599 1412 1634 virtutes
1433 1599 1672 1645 theologicas,
1692 1608 1731 1635 ut
1749 1601 1798 1634 di-

237 1662 334 1688 ctum
357 1662 408 1688 est
430 1665 536 1700 supra
559 1654 603 1700 (q.
656 1666 686 1689 2.
709 1659 772 1688 art.
794 1655 853 1699 1.);
878 1662 911 1688 et
932 1653 1096 1700 quamvis
1123 1654 1213 1687 haec
1239 1653 1378 1688 secunda
1405 1652 1578 1698 perfectio
1600 1654 1645 1688 sit
1665 1655 1795 1699 major,

237 1719 345 1754 quam
368 1709 503 1754 prima:
531 1716 653 1742 tamen
676 1709 792 1754 prima
818 1707 989 1754 perfectio
1017 1706 1222 1753 perfectiori
1249 1707 1360 1740 modo
1386 1706 1540 1741 habetur
1566 1707 1607 1741 ab
1633 1707 1796 1750 homine,

241 1772 348 1806 quarn
370 1761 528 1795 secunda:
551 1772 635 1794 nam
657 1761 773 1807 prima
795 1761 930 1795 halatur
952 1761 993 1794 ab
1017 1760 1166 1794 homine
1190 1760 1291 1806 quasi
1312 1759 1419 1805 plena
1439 1760 1632 1806 possessio,
1657 1761 1794 1795 secunda

237 1822 358 1848 autem
380 1815 531 1848 habetur
553 1815 654 1861 quasi
674 1813 895 1860 imperfecta,
918 1813 1125 1860 imperfecte
1147 1814 1244 1847 enim
1266 1813 1462 1859 diligimus,
1484 1821 1519 1848 et
1540 1814 1797 1860 cognoscimus

236 1868 368 1902 Deum.
391 1864 622 1902 Manifestum
646 1877 697 1902 est
720 1875 852 1910 autem,
875 1868 970 1914 quod
994 1867 1289 1913 unumquodque,
1312 1867 1408 1912 quod
1435 1866 1590 1913 perfecte
1611 1867 1719 1902 habet
1739 1879 1798 1902 na-

236 1929 364 1963 turam,
387 1921 444 1955 vel
461 1921 617 1955 formam
634 1922 803 1967 aliquam,
819 1929 878 1955 aut
899 1921 1080 1962 virtutem,
1096 1928 1213 1966 potest
1234 1931 1296 1966 per
1317 1931 1355 1954 se
1377 1920 1574 1954 secundum
1598 1920 1699 1955 illam
1717 1932 1799 1968 ope-

238 1975 317 2016 rari,
339 1986 412 2009 non
434 1983 554 2009 tamen
578 1975 721 2009 exclusa
743 1975 952 2021 operatione
975 1974 1055 2015 Dei,
1077 1974 1137 2020 qui
1159 1974 1193 2007 in
1213 1973 1315 2007 omni
1332 1981 1470 2015 natura,
1490 1981 1524 2008 et
1541 1973 1727 2009 voluntate
1748 1975 1799 2008 in-

237 2029 346 2062 terius
361 2037 546 2074 operatur:
565 2029 627 2063 sed
646 2029 692 2070 id,
708 2028 805 2074 quod
824 2027 1033 2074 imperfecte
1056 2027 1165 2061 habet
1184 2034 1350 2060 naturam
1374 2026 1543 2073 aliquam,
1558 2027 1615 2061 vel
1630 2027 1798 2070 formam,

239 2090 299 2116 aut
318 2082 499 2123 virtutem,
521 2093 595 2116 non
617 2090 735 2128 potest
756 2093 818 2127 per
840 2093 876 2115 se
899 2080 1051 2127 operari,
1077 2080 1146 2114 nisi
1173 2080 1215 2114 ab
1244 2079 1357 2114 altero
1386 2087 1592 2114 moveatur:
1613 2080 1706 2116 sicut
1730 2081 1797 2123 sol,

239 2136 299 2182 qui
321 2143 372 2170 est
393 2135 548 2181 perfecte
575 2135 726 2176 lucidus,
749 2146 812 2180 per
833 2134 990 2180 seipsum
1017 2141 1135 2180 potest
1160 2132 1384 2174 illuminare3
1406 2132 1490 2167 luna
1517 2140 1649 2175 autem,
1670 2134 1706 2168 in
1728 2146 1798 2180 qua

239 2197 292 2224 est
313 2188 519 2234 imperfecte
541 2197 667 2222 natura
689 2188 790 2230 lucis,
810 2199 883 2222 non
902 2187 1082 2221 illuminat
1095 2186 1164 2220 nisi
1185 2186 1398 2220 illuminata.
1413 2186 1575 2221 Medicus
1597 2187 1719 2230 etiam,
1737 2187 1798 2234 qui

239 2243 393 2289 perfecte
417 2242 516 2276 novit
543 2250 655 2276 artem
682 2241 897 2282 medicinae,
924 2248 1042 2286 potest
1068 2251 1130 2286 per
1156 2250 1192 2274 se
1220 2239 1379 2285 operari:
1403 2239 1465 2274 sed
1491 2239 1687 2286 discipulus
1710 2241 1797 2286 ejus,

239 2297 299 2343 qui
321 2296 482 2330 nondum
502 2303 554 2330 est
568 2295 671 2341 plene
690 2295 894 2336 instructus,
909 2305 982 2327 nou
1002 2301 1118 2340 potest
1133 2304 1194 2339 per
1215 2304 1252 2327 se
1267 2292 1420 2339 operari,
1435 2292 1502 2327 nisi
1522 2293 1563 2327 ab
1584 2304 1628 2328 eo
1647 2293 1797 2328 instrua-

238 2359 309 2385 tur:
333 2351 381 2384 sic
405 2349 511 2394 igitur
533 2357 706 2395 quantum
729 2349 771 2381 ad
795 2359 848 2389 ea,
871 2359 961 2393 quae
984 2347 1133 2381 subsunt
1158 2346 1340 2380 humanae
1362 2345 1504 2388 rationi,
1526 2346 1562 2380 in
1585 2346 1710 2382 ordine
1732 2347 1797 2381 sci-

238 2404 322 2438 licet
344 2403 386 2437 ad
409 2403 518 2437 finem
541 2401 812 2436 connaturalem
837 2401 989 2442 homini,
1011 2400 1126 2434 homo
1153 2407 1270 2446 potest
1297 2399 1437 2445 operari
1463 2410 1527 2444 per
1551 2399 1724 2444 judicium
1746 2411 1798 2434 ra-

238 2458 363 2492 tionis:
380 2457 409 2490 si
422 2464 543 2490 tamen
560 2456 667 2489 etiam
684 2457 717 2488 in
733 2455 802 2488 hoc
819 2454 933 2488 homo
949 2454 1135 2498 adjuvetur
1151 2464 1169 2486 a
1184 2453 1264 2486 Deo
1284 2463 1346 2498 per
1363 2451 1558 2498 specialem
1576 2452 1798 2494 instinctum,

239 2511 309 2545 hoc
338 2510 403 2545 erit
428 2508 746 2555 superabundantis
774 2507 965 2548 bonitatis;
994 2506 1088 2540 unde
1114 2506 1315 2540 secundum
1347 2504 1597 2552 philosophos,
1623 2517 1696 2540 non
1724 2506 1797 2552 qui-

240 2575 395 2610 cumque
417 2563 572 2597 liabebat
597 2562 744 2595 virtutes
773 2560 929 2594 morales
957 2559 1161 2605 acquisitas,
1187 2559 1342 2593 habebat
1367 2559 1514 2593 virtutes
1535 2558 1713 2601 heroicas,
1739 2558 1797 2593 vel

241 2618 388 2652 divinas.
417 2617 488 2651 Sed
515 2617 550 2650 in
578 2615 702 2650 ordine
731 2614 773 2647 ad
802 2613 910 2647 tinem
945 2613 1112 2646 ultimum
1148 2611 1472 2659 supernaturalem,
1494 2611 1537 2646 ad
1572 2623 1680 2658 quem
1706 2612 1797 2647 ratio

241 2679 374 2712 movet,
397 2670 594 2705 secundum
617 2668 713 2715 quod
736 2675 786 2701 est
809 2666 1022 2712 aliqualiter,
1051 2674 1085 2700 et
1111 2665 1319 2711 imperfecte
1346 2663 1539 2699 informata
1561 2676 1625 2711 per
1649 2665 1798 2699 virtutes

241 2724 479 2769 theologicas,
502 2734 574 2757 non
597 2721 725 2757 suflicit
749 2721 822 2766 ipsa
846 2721 960 2754 motio
983 2720 1142 2761 rationis,
1164 2719 1231 2753 nisi
1254 2719 1406 2765 desuper
1433 2718 1523 2753 adsit
1547 2718 1746 2761 instinctus,
1765 2726 1799 2753 et

243 2778 356 2812 motio
381 2777 530 2823 Spiritus
554 2775 688 2817 Sancti,
715 2774 913 2808 secundum
942 2772 1027 2806 illud
1051 2773 1205 2806 Roman.
1229 2772 1280 2806 8.:
1306 2773 1375 2817 Qui
1398 2773 1521 2819 spiritu
1548 2772 1614 2807 Dei
1639 2777 1796 2818 aguntur,

244 2833 275 2865 hi
295 2832 356 2875 lilii
379 2832 443 2865 Diei
462 2835 547 2871 sunt,
563 2835 591 2864 ct
611 2828 778 2863 lmcrcdcs:
802 2837 834 2861 et
858 2827 891 2860 in
908 2826 1000 2861 Psal.
1025 2836 1097 2868 142.
1118 2826 1263 2860 dicitur:
1289 2825 1430 2872 Spiritus
1451 2830 1523 2860 tuus
1544 2826 1646 2860 bonus
1665 2825 1797 2861 deducat

245 2897 292 2919 me
319 2886 350 2918 in
378 2890 500 2919 terram
530 2888 672 2923 restrum
708 2881 789 2929 quia
816 2880 952 2916 scilicet
978 2880 1012 2913 iu
1039 2879 1298 2915 haereditatem
1333 2878 1427 2914 illius
1460 2885 1575 2914 terrae
1609 2878 1796 2914 beatorum
