1955 3182
254 173 332 203 102
701 170 920 206 QUAESTIO
954 170 996 198 X.
1030 168 1273 198 ARTICULUS
1306 167 1349 197 11.

247 253 316 287 alia
337 264 434 295 vero,
461 253 536 286 sine
563 251 689 298 quibus
718 250 797 284 finis
826 250 950 283 haberi
976 257 1104 295 potest,
1129 260 1203 283 non
1229 260 1271 283 ex
1296 247 1508 282 necessitate
1540 247 1616 283 vult
1641 249 1702 295 qui
1725 248 1802 283 vult

246 307 374 340 finem:
395 306 486 340 sicut
508 304 771 345 conclusiones,
801 304 876 337 sine
907 303 1033 348 quibus
1061 302 1234 349 principia
1255 309 1406 349 possunt
1434 312 1510 336 esse
1539 313 1634 345 vera,
1663 314 1737 338 non
1759 314 1802 337 ex

248 359 460 394 necessitate
483 358 594 393 credit
614 357 676 404 qui
695 357 869 404 principia
891 355 1013 390 credit.

799 478 1142 523 ARTICULUS
1176 479 1256 521 III.
1759 487 1804 532 64

486 582 639 612 UTRUM
664 581 897 610 VOLUNTAS
924 580 1165 610 MOVEATUR
1191 581 1248 609 DE
1274 578 1570 609 NECESSITATE

752 646 806 674 AB
832 645 1050 675 INFERIORI
1077 645 1305 674 APPETITU.

320 730 379 764 AD
403 738 572 763 TERTIUM
594 727 643 761 sic
666 726 881 772 proceditur.
908 725 1070 767 Videtur,
1101 725 1197 771 quod
1226 724 1394 759 voluntas
1422 735 1464 758 ex
1492 723 1705 758 necessitate
1732 734 1808 758 mo-

247 791 371 817 veatur
390 794 409 816 a
428 781 593 828 passione
616 780 792 826 appetitus
814 779 1011 814 inferioris:
1030 779 1115 814 dicit
1134 779 1231 812 anim
1249 777 1448 824 Apostolus
1471 778 1515 812 ad
1536 777 1642 812 Rom.
1659 788 1710 823 7.:
1730 777 1808 812 Non

247 838 333 871 enim
360 835 443 881 quod
463 835 537 868 volo
561 835 692 874 bonum,
716 833 773 868 hoc
795 844 858 878 ago
870 845 882 874 ;
904 833 956 867 sed
977 832 1062 878 quod
1088 832 1142 866 odi
1162 832 1300 873 malum,
1330 831 1410 865 illud
1423 831 1538 877 facio:
1561 830 1658 877 quod
1679 830 1808 864 dicitur

250 898 393 936 propter
415 887 759 934 concupiscentiam,
786 897 877 932 quae
900 894 953 920 est
973 885 1092 932 passio
1111 884 1306 931 quaedam;
1329 895 1416 930 ergo
1436 883 1604 918 voluntas
1626 895 1668 918 ex
1687 895 1810 918 neces-

249 943 351 977 sitate
374 949 539 975 movetur
561 952 579 973 a
601 939 780 986 passione.

319 1006 350 1029 2.
374 995 608 1029 PRAETEREA.
633 993 734 1026 Sicut
755 992 884 1026 dicitur
905 992 941 1025 in
967 1003 994 1037 3.
1017 991 1133 1025 Ethic.
1163 990 1250 1037 (cap.
1273 990 1342 1036 5.):
1372 990 1492 1034 Qualis
1516 990 1734 1035 unusquisque
1753 994 1806 1031 est,

249 1049 321 1084 talis
346 1049 425 1094 finis
452 1047 582 1081 videtur
610 1047 659 1080 ei:
699 1045 760 1079 sed
786 1056 860 1079 non
888 1053 940 1079 est
964 1045 1000 1078 in
1028 1051 1203 1090 potestate
1229 1042 1436 1085 voluntatis,
1463 1042 1560 1089 quod
1586 1042 1708 1077 statim
1734 1054 1811 1089 pas-

251 1102 391 1136 sionem
420 1100 579 1146 abjiciat,
602 1111 688 1145 ergo
710 1110 784 1133 non
807 1099 915 1133 estin
942 1105 1118 1145 potestate
1144 1096 1352 1139 voluntatis,
1379 1097 1476 1143 quod
1501 1108 1575 1131 non
1600 1095 1687 1131 velit
1710 1096 1811 1139 illud,

253 1156 296 1189 ad
319 1155 415 1201 quod
437 1154 555 1200 passio
583 1165 619 1188 se
640 1153 800 1187 inclinat.

323 1220 351 1254 3.
374 1208 609 1242 PRAETEREA.
627 1206 747 1241 Causa
762 1205 972 1240 universalis
987 1217 1060 1239 non
1077 1204 1275 1251 applicatur
1297 1204 1339 1238 ad
1363 1203 1531 1238 effectum
1546 1203 1812 1250 particularem,

249 1262 319 1296 nisi
340 1261 521 1295 mediante
549 1271 656 1294 causa
682 1259 908 1306 particulari3
931 1259 1024 1293 unde
1051 1259 1141 1292 ratio
1164 1257 1374 1292 universalis
1395 1268 1469 1291 non
1496 1265 1630 1299 movet,
1651 1257 1721 1291 nisi
1741 1268 1814 1291 me-

250 1316 369 1349 diante
389 1314 638 1349 aestimatione
656 1313 874 1360 particulari,
897 1321 934 1347 ut
955 1312 1083 1346 dicitur
1100 1312 1136 1346 in
1158 1323 1186 1358 3.
1209 1312 1252 1345 de
1275 1312 1408 1345 Anima
1425 1312 1504 1356 (tex.
1528 1311 1610 1357 58.):
1639 1310 1701 1345 sed
1721 1310 1814 1344 sicut

250 1380 286 1403 se
302 1368 410 1403 habet
422 1368 513 1402 ratio
528 1367 739 1401 universalis
755 1367 798 1400 ad
814 1366 1104 1400 aestimationem
1126 1364 1390 1411 particularem,
1406 1364 1454 1398 ita
1467 1375 1504 1398 se
1522 1364 1632 1398 habet
1645 1363 1813 1398 voluntas

251 1422 294 1456 ad
317 1421 514 1468 appetitum
527 1421 737 1454 sensitivum
753 1432 761 1461 3
785 1430 870 1465 ergo
887 1419 930 1452 ad
946 1418 1091 1464 aliquod
1106 1417 1320 1464 particulare
1342 1416 1541 1451 volendum
1554 1427 1629 1450 non
1643 1423 1812 1450 movetur

251 1474 429 1516 voluntas,
451 1474 519 1508 nisi
541 1474 721 1508 mediante
737 1474 895 1519 appetitu
917 1471 1105 1513 sensitiv03
1128 1481 1214 1516 ergo
1234 1470 1264 1504 si
1278 1470 1455 1516 appetitus
1476 1469 1732 1504 sensitivus-sit
1751 1480 1815 1515 per

252 1528 409 1575 aliquam
430 1528 637 1573 passionem
660 1527 703 1560 ad
725 1526 858 1572 aliquid
877 1525 1081 1571 dispositus,
1103 1523 1270 1558 voluntas
1291 1534 1365 1557 non
1386 1522 1518 1569 poterit
1538 1523 1575 1556 in
1593 1522 1815 1556 contrarium

253 1581 404 1616 moveri.

325 1635 399 1669 SED
422 1644 576 1669 CONTRA
600 1641 662 1675 est,
686 1632 781 1678 quod
804 1632 932 1666 dicitur
956 1631 1086 1667 Genes.
1108 1640 1160 1673 4:
1181 1630 1301 1664 subter
1323 1634 1349 1664 tc
1371 1630 1432 1664 erit
1452 1630 1609 1676 appetitus
1627 1633 1712 1671 tuns,
1733 1633 1762 1663 et
1783 1633 1817 1663 tu

256 1689 477 1723 dominaberis
504 1688 604 1727 illius;
627 1697 701 1720 non
725 1697 811 1732 ergo
838 1685 1006 1719 voluntas
1023 1684 1183 1718 hominis
1206 1694 1248 1718 ex
1269 1683 1481 1718 necessitate
1508 1690 1675 1718 movetur
1697 1682 1738 1716 ab
1761 1693 1819 1729 ap-

256 1742 366 1788 petitu
388 1740 558 1775 inferiori.

322 1795 550 1829 Respommo
573 1793 779 1834 dicendum,
801 1792 910 1838 quod,
940 1792 1032 1826 sicut
1058 1802 1165 1837 supra
1196 1791 1333 1825 dictum
1361 1797 1414 1825 est
1442 1791 1487 1836 (q.
1514 1795 1626 1836 praec.
1657 1794 1722 1824 art.
1751 1790 1812 1835 2.),

253 1848 370 1896 passio
398 1848 571 1895 appetitus
599 1846 757 1880 sensitivi
785 1853 909 1880 movet
933 1845 1159 1879 voluntatem
1181 1856 1222 1878 ex
1244 1855 1286 1878 ea
1307 1851 1418 1890 parte,
1445 1854 1516 1890 qua
1547 1843 1717 1878 voluntas
1741 1853 1817 1878 mo-

254 1910 356 1936 vetur
382 1902 423 1935 ab
451 1901 611 1946 object03
642 1900 856 1946 inquantum
881 1898 1019 1932 scilicet
1048 1899 1162 1932 homo
1194 1897 1395 1944 aliqualiter
1424 1896 1617 1942 dispositus
1645 1907 1709 1943 per
1739 1907 1819 1943 pas-

256 1956 397 1990 sionem
418 1954 553 2000 judicat
571 1953 704 1999 aliquid
720 1964 796 1987 esse
816 1952 1046 1993 conveniens,
1070 1960 1104 1986 et
1123 1952 1272 1993 bonum,
1295 1950 1392 1997 quod
1407 1958 1505 1985 extra
1521 1950 1730 1996 passionem
1751 1950 1820 1984 exi-

254 2017 349 2043 stens
378 2020 452 2042 non
481 2008 665 2053 judicaret.
695 2006 915 2052 Hujusmodi
945 2014 1067 2040 autem
1097 2005 1302 2040 immutatio
1329 2005 1490 2039 hominis
1516 2015 1580 2050 per
1608 2005 1816 2050 passionem

255 2063 378 2097 duobus
404 2062 522 2099 modis
549 2061 736 2106 contingit.
771 2061 842 2095 Uno
869 2060 963 2094 modo
986 2059 1048 2101 sic,
1071 2059 1168 2106 quod
1189 2058 1348 2093 totaliter
1369 2058 1459 2093 ratio
1482 2057 1625 2104 ligatur,
1651 2058 1700 2092 ita
1721 2057 1819 2104 quod

254 2117 369 2150 homo
391 2127 496 2149 usum
518 2115 665 2149 rationis
687 2125 760 2147 non
782 2114 906 2147 habet:
930 2113 1022 2147 sicut
1040 2113 1217 2158 contingit
1237 2113 1273 2146 in
1287 2112 1355 2154 his,
1377 2112 1438 2158 qui
1459 2119 1604 2158 propter
1623 2111 1817 2146 vehemen-

255 2178 330 2204 tem
351 2169 453 2210 iram,
475 2167 532 2202 vel
554 2167 885 2214 concupiscentiam
907 2165 1042 2208 furiosi,
1061 2165 1119 2200 vel
1137 2173 1298 2200 amentes
1316 2165 1416 2207 fiunt,
1435 2165 1527 2200 sicut
1544 2173 1580 2199 et
1596 2173 1743 2211 propter
1761 2164 1821 2199 ali-

257 2234 366 2270 quam
389 2222 496 2256 aliam
518 2221 822 2267 perturbationem
842 2219 1081 2266 corporalem,
1099 2219 1310 2265 hujusmodi
1330 2219 1428 2253 enim
1446 2218 1632 2265 passiones
1650 2229 1725 2252 non
1744 2218 1822 2253 sine

259 2275 438 2322 corporali
459 2274 758 2309 transmutatione
785 2273 963 2314 accidunt,
986 2281 1020 2306 et
1041 2273 1084 2306 de
1105 2272 1234 2306 talibus
1257 2272 1385 2306 eadem
1407 2280 1459 2306 est
1484 2271 1588 2314 ratio,
1609 2271 1702 2306 sicut
1722 2279 1758 2306 et
1777 2271 1821 2306 de

260 2329 474 2364 animalibus
502 2328 624 2370 brutis,
652 2338 742 2373 quae
765 2338 805 2361 ex
827 2326 1039 2360 necessitate
1061 2334 1258 2372 sequuntur
1287 2325 1464 2372 impetum
1490 2324 1685 2371 passionis:
1708 2325 1746 2359 in
1765 2324 1823 2359 his

261 2385 356 2417 enim
377 2393 451 2416 non
473 2389 526 2416 est
547 2380 674 2427 aliquis
696 2380 842 2414 rationis
870 2387 1001 2420 motus,
1025 2387 1058 2413 et
1079 2390 1142 2424 per
1164 2390 1389 2425 consequens
1411 2389 1477 2412 nec
1501 2377 1708 2413 voluntatis.

333 2434 522 2481 Aliquando
545 2442 665 2468 autem
688 2433 778 2467 ratio
805 2443 878 2466 non
905 2432 1062 2466 totaliter
1089 2432 1299 2466 absorbetur
1326 2443 1345 2465 a
1371 2431 1550 2478 passione,
1572 2430 1826 2466 sed'remanet

263 2497 437 2537 quantum
471 2488 513 2522 ad
542 2487 674 2534 aliquid
701 2486 873 2532 judicium
902 2486 1050 2520 rationis
1072 2485 1242 2520 liberum:
1274 2494 1308 2519 et
1337 2484 1534 2520 secundum
1564 2484 1636 2519 hoc
1664 2492 1827 2519 remanet

265 2543 398 2590 aliquid
422 2543 464 2577 de
483 2550 585 2576 motu
607 2541 821 2582 voluntati53
845 2540 1058 2586 inquantum
1088 2550 1175 2585 ergo
1205 2539 1296 2573 ratio
1319 2546 1441 2572 manet
1466 2537 1589 2580 libera,
1611 2545 1646 2572 et
1667 2537 1827 2584 passioni

264 2609 338 2632 non
357 2597 526 2642 subjecta,
542 2596 577 2629 in
597 2602 736 2629 tantum
755 2593 949 2628 voluntatis
971 2601 1102 2634 motus,
1117 2593 1177 2638 qui
1195 2600 1328 2634 manet,
1343 2603 1417 2626 non
1431 2602 1474 2626 ex
1488 2591 1700 2626 necessitate
1713 2591 1827 2626 tendit

266 2652 308 2686 ad
328 2651 409 2692 hoc,
429 2650 472 2684 ad
491 2649 588 2696 quod
604 2648 722 2695 passio
738 2647 903 2682 inclinat:
919 2655 953 2681 et
967 2647 1015 2680 sic
1034 2654 1094 2680 aut
1109 2655 1228 2680 motus
1242 2646 1439 2680 voluntatis
1455 2656 1530 2680 non
1545 2653 1598 2680 est
1614 2645 1650 2679 in
1664 2645 1826 2687 homine,

267 2704 327 2739 scd
349 2703 426 2738 sola
449 2703 567 2749 passio
586 2702 812 2742 dominatur3
836 2709 895 2734 aut
917 2700 944 2734 si
968 2708 1087 2734 motus
1106 2699 1300 2733 voluntatis
1320 2699 1375 2741 sit,
1393 2710 1467 2733 non
1486 2709 1528 2733 ex
1545 2698 1760 2734 necessitate
1776 2709 1829 2733 se·

267 2758 385 2804 quitur
408 2757 626 2803 passionem.

339 2811 398 2845 AD
426 2820 574 2845 PRmuM
602 2819 689 2854 ergo
717 2807 922 2849 dicendum,
949 2806 1045 2853 quod
1068 2806 1132 2841 etsi
1155 2805 1322 2840 voluntas
1348 2817 1422 2841 non
1448 2805 1562 2853 possit
1586 2804 1716 2847 facere,
1742 2805 1828 2852 quin

270 2872 389 2899 motus
411 2862 729 2910 concupiscentiae
751 2862 922 2908 insurgat,
945 2860 987 2894 de
1010 2871 1081 2907 quo
1105 2859 1304 2906 Apostolus
1326 2859 1413 2895 dicit
1434 2859 1542 2894 Rom.
1569 2869 1620 2905 7.:
1651 2858 1750 2906 Quod
1775 2859 1829 2897 odi
