1907 3198
531 228 750 266 QUAESTIO
783 232 873 265 cm.
907 236 1153 271 annotinus
1185 241 1212 272 1.
1572 250 1655 294 775

677 420 1021 470 ARTICULUS
1056 427 1090 471 Ι.

277 533 431 566 UTRUM
456 536 767 572 CAERBMONIAE
795 543 918 575 LEGIS
940 546 1129 581 FUERINT
1156 551 1271 582 ANTE
1303 553 1464 586 LEGEM.

1592 463 1656 498 552

157 730 218 768 An
237 741 389 771 rancun
409 735 461 772 sic
475 738 693 784 proceditur.
721 740 883 787 Videtur,
897 747 994 793 quod
1023 752 1275 788 caeremoniae
1302 752 1392 801 legis
1418 755 1550 793 suerint
1570 768 1652 795 ante
1710 747 1716 752 ⁴

85 782 223 832 legem:
249 786 427 825 sacrificia
448 792 558 835 enim,
579 801 614 828 et
627 793 844 832 holocausta
865 800 1044 846 pertinent
1065 804 1108 838 ad
1125 807 1376 844 caeremonias
1397 811 1528 847 veteris
1549 811 1652 860 legis,

85 844 125 874 ut
147 849 256 887 supra
285 839 424 878 dictum
453 852 507 880 est
526 846 573 892 (q.
589 853 702 894 praec.
736 856 801 886 art.
820 853 869 899 3.)
884 867 895 888 .·
928 855 990 890 scd
1012 857 1190 894 sacrificia
1215 868 1251 896 ct
1271 861 1488 899 holocausta
1507 864 1652 902 fuerunt

83 898 169 929 ante
187 891 330 941 legem:
350 895 482 933 dicitur
502 899 600 935 enim
627 900 720 938 Gen.
753 914 800 947 4.,
821 907 918 953 quod
944 909 1031 944 Cain
1052 912 1173 948 obtulit
1196 913 1234 949 de
1251 915 1423 962 fructibus
1448 923 1556 955 terrac
1577 933 1654 955 mu-

150 1170 184 1196 2'.
204 1160 443 1201 ΡωτεκεΑ.
476 1167 534 1203 Ad
556 1173 808 1209 caeremonias
835 1175 1032 1214 Sacrorum
1054 1179 1115 1226 [al.
1133 1182 1446 1233 Sacramcntorum]
1470 1189 1649 1235 pertinent

78 1215 303 1251 constructio
323 1216 458 1263 altaris,
479 1229 516 1256 et
528 1222 605 1268 ejus
627 1223 810 1264 inunctio:
824 1229 887 1264 sed
901 1230 968 1266 ista
983 1231 1126 1269 fuerunt
1140 1244 1222 1271 ante
1243 1236 1382 1284 legem:
1401 1240 1532 1287 legitur
1545 1243 1643 1278 enim

14 1284 22 1315 ,-
79 1266 213 1304 Genoe.
247 1278 299 1316 13.
325 1272 423 1318 quod
459 1274 637 1312 Abraham
669 1279 860 1324 aedifica-vit
892 1284 998 1320 altare
1025 1287 1196 1331 Domino,·
1228 1298 1262 1326 et
1296 1292 1340 1327 de
1365 1293 1478 1340 Jacob
1517 1296 1648 1332 dicitur

79 1319 213 1358 Genes.
234 1322 305 1366 28„
313 1325 412 1372 quod
429 1327 504 1363 tulit
522 1328 679 1377 lapidem,
698 1338 727 1368 el
743 1337 847 1371 erexit
872 1338 906 1372 in
928 1339 1072 1383 titulum,
1087 1342 1234 1388 fundens
1254 1345 1360 1381 oleum
1386 1347 1540 1396 desupcm
1557 1362 1646 1398 ergo

76 1376 333 1413 caeremoniae
350 1377 489 1426 legales
509 1381 654 1420 fuerunt
674 1394 756 1422 ante
778 1388 910 1435 legem.

149 1438 180 1475 3.
199 1427 438 1482 Punmza.
463 1434 562 1471 Inter
582 1436 820 1476 Sacramenta
842 1442 974 1490 legalia
996 1447 1154 1494 primum
1177 1450 1307 1487 dicitur
1328 1453 1436 1490 fuisse
1458 1457 1645 1494 circumci-

72 1479 148 1516 sio:
180 1481 245 1518 sed
272 1483 505 1523 circumcisio
526 1488 592 1525 fuit
624 1501 707 1528 ante
744 1494 878 1542 legem,
900 1507 938 1534 ut
958 1509 1055 1547 patet
1077 1501 1210 1539 Genes.
1251 1517 1301 1552 ¹7·
1338 1507 1512 1546 Similiter
1533 1511 1642 1547 etiam

72 1534 320 1573 sacerdotium
338 1537 407 1574 fuit
427 1549 510 1577 ante
531 1542 814 1590 legem:dicitur
835 1551 933 1587 enim
957 1553 1091 1590 Genes.
1119 1560 1290 1606 14.,qu0d
1313 1562 1545 1600 Melchisedech
1565 1572 1639 1602 erat

68 1587 220 1625 nendos
252 1589 324 1627 Des·
343 1595 470 1630 summi
492 1595 702 1646 (amssimiss
737 1612 826 1649 ergo
859 1609 1115 1644 caeremoniae
1142 1611 1465 1653 Sacramentorum
1498 1618 1642 1656 suerunt

71 1648 156 1677 ante
175 1641 307 1690 legem.

142 1705 177 1739 4.
200 1695 438 1736 Pus-mum.
459 1701 642 1741 Discretio
669 1709 891 1746 mundorum
920 1715 1133 1752 animalium

1149 1719 1192 1754 ab
1209 1720 1405 1760 immundis
1427 1726 1580 1772 pertinet
1596 1728 1640 1763 ad

68 1751 320 1788 caeremonias
340 1753 666 1804 observantiarum,
688 1770 726 1797 ut
747 1774 853 1812 supra
877 1766 1013 1803 dictum
1036 1779 1089 1806 est
1110 1772 1158 1819 (q.
1186 1786 1260 1810 102.
1282 1782 1346 1811 art.
1373 1779 1406 1813 6.
1429 1780 1473 1814 ad
1493 1782 1553 1826 1.).·
1576 1782 1638 1817 sed

66 1800 149 1838 talis
167 1802 352 1842 distinctio
372 1806 438 1843 fuit
459 1818 543 1846 ante
564 1811 705 1859 legem:
725 1815 856 1853 dicitur
877 1820 974 1856 enim
999 1822 1092 1859 Gen.
1116 1837 1159 1871 7.:
1175 1828 1230 1863 Ex
1251 1832 1404 1867 omnibus
1426 1835 1555 1871 mundis
1569 1837 1640 1870 ani-

65 1855 207 1893 malibus
226 1858 302 1894 tolle
318 1865 449 1908 septena
468 1869 500 1899 et
518 1870 660 1913 septena,
688 1869 726 1905 de
748 1873 974 1910 animantibus
1000 1889 1079 1913 vero
1107 1880 1286 1919 immundis
1307 1884 1370 1920 duo
1388 1892 1416 1922 ct
1436 1888 1499 1923 duo
1512 1902 1525 1931 ,·
1549 1901 1637 1936 crgo

66 1911 321 1948 caeremoniae
341 1913 478 1961 legales
499 1916 645 1956 fuerunt
666 1930 749 1959 ante
770 1923 903 1971 legem.

135 1963 214 2001 San
239 1976 396 2004 coum
422 1978 488 2013 est,
502 1973 607 2019 ‚quod
633 1975 764 2012 dicitur
784 1978 892 2016 Dent.
919 1981 970 2018 6.:
994 1985 1051 2020 Ha

63 2017 151 2060 ulae,
176 2029 261 2066 quae
286 2021 462 2060 mandavit
482 2025 651 2064 Dominus
676 2030 767 2066 Deus
782 2039 890 2070 noster
910 2038 1057 2085 (vester),
1082 2047 1116 2076 ul
1137 2041 1284 2079 ‹locon-m
1307 2059 1384 2083 vos:
1412 2061 1486 2085 non
1513 2061 1634 2088 autem

62 2068 302 2119 indiguissent
321 2085 433 2123 super,
450 2077 507 2114 his
528 2080 651 2118 doceri
672 2083 703 2119 si
724 2087 822 2132 prius
843 2090 1048 2135 praedictae
1076 2099 1330 2135 caeremoniae
1352 2100 1520 2148 fuissent;
1543 2118 1631 2153 crgo

63 2126 319 2164 caeremoniae
340 2127 432 2178 legis
452 2143 527 2168 non
550 2132 693 2172 fuerunt
715 2147 798 2175 ante
820 2140 950 2188 legem.

132 2176 365 2219 Rmouneo
380 2183 589 2231 dicendum,
611 2192 720 2237 quod,
743 2193 835 2230 sicut
856 2207 899 2231 ex
921 2198 1026 2235 dictis
1047 2210 1144 2247 patet
1165 2204 1214 2252 (q.
1241 2218 1314 2243 102.
1334 2216 1399 2245 art.
1427 2212 1489 2256 2.),
1513 2224 1632 2251 caere-

56 2231 209 2269 moniae
227 2232 320 2282 legis
340 2236 386 2272 ad
410 2237 476 2274 duo
496 2241 775 2289 ordinabantur;
798 2248 954 2286 scilicet:
976 2253 1019 2288 ad
1038 2256 1161 2291 cultum
1189 2259 1268 2303 Dei,
1292 2269 1326 2297 et
1347 2264 1390 2298 ad
1412 2266 1629 2311 ,figuramlmn

1053 1998 1087 2022 cc
1107 1994 1183 2024 sunt
1196 1996 1388 2040 praecepta,
1414 2001 1443 2030 ct
1463 2008 1633 2034 caeremo-
