1875 3198
240 191 324 246 578
657 202 878 238 QUAEsrro
912 202 1042 232 Lxxx.
1069 201 1315 232 ARTICULUS
1348 201 1377 231 1.
1630 195 1645 208 ⁶

238 284 298 319 vel
319 286 427 319 etiam
449 285 564 319 homo
584 292 703 330 potest
724 284 874 318 incitare
897 283 940 318 ad
962 283 1202 330 peccandum,
1224 283 1283 318 vel
1304 282 1490 318 offerendo
1514 283 1648 330 aliquid
1676 285 1807 331 appeti-

239 338 308 373 bile
331 338 464 380 sensui,
485 338 544 372 vel
558 337 809 384 persuadendo
826 337 968 371 rationi.
989 337 1059 371 Sed
1074 336 1175 371 nullo
1191 337 1343 371 istorum
1360 338 1461 371 trium
1479 337 1674 371 modorum
1688 345 1808 384 potest

240 391 375 438 aliquid
398 403 475 426 esse
498 391 633 425 directe
657 402 764 424 causa
784 390 940 436 peccati:
960 390 1043 436 quia
1057 389 1225 424 voluntas
1247 401 1322 424 non
1341 401 1383 424 ex
1404 390 1618 425 necessitate
1640 398 1808 425 movetur
1838 419 1839 422 ,
1872 401 1875 411 ’

239 446 281 480 ab
297 445 418 492 aliquo
435 445 590 490 objecto,
613 444 681 478 nisi
703 444 744 478 ab
768 443 896 478 ultimo
919 443 1001 486 fine,
1017 451 1054 478 ut
1075 455 1181 490 supra
1196 444 1332 478 dictum
1351 451 1404 478 est
1425 444 1472 490 (q.
1494 456 1545 479 10.
1567 449 1632 479 art.
1654 457 1681 479 1.
1697 449 1725 479 et
1741 444 1806 489 2.);

239 500 333 534 unde
355 511 430 534 non
453 507 505 533 est
527 497 708 532 sufficiens
728 509 836 532 causa
858 497 999 543 peccati
1019 510 1118 543 neque
1137 509 1192 532 res
1215 497 1367 531 exterius
1391 497 1522 539 oblata,
1543 509 1644 543 neque
1664 496 1725 532 ille
1747 498 1808 543 qui

240 565 321 587 eam
340 553 522 599 proponit,
541 564 641 597 nequa
662 551 722 585 ille
743 552 803 597 qui
825 551 1035 597 persuadet3
1055 551 1150 585 unde
1173 550 1344 597 sequitur,
1367 550 1464 596 quod
1485 549 1650 584 diabolus
1671 562 1746 584 non
1765 552 1809 585 sit

240 618 348 641 causa
372 606 511 652 peccati
545 605 692 646 directe,
713 604 772 638 vel
793 603 1022 646 sufficienter,
1045 604 1107 638 sed
1134 603 1255 638 solum
1281 615 1343 650 per
1369 603 1519 638 modum
1548 603 1807 650 persuadentis,

239 659 297 694 vel
317 658 555 706 proponentis
579 657 780 704 appetibile.

311 714 370 748 AD
393 723 543 748 PRIMUM
569 723 657 757 ergo
685 711 891 753 dicendum,
922 710 1019 757 quod
1050 722 1178 745 omnes
1205 710 1288 745 illae
1316 710 1560 752 auctoritates,
1591 718 1626 745 et
1658 710 1689 745 si
1714 722 1806 757 quae

239 767 375 802 similes
397 767 636 807 inveniantur,
659 772 741 799 sunt
762 764 971 799 referendae
999 764 1042 798 ad
1064 764 1148 806 hoc,
1170 765 1267 810 quod
1289 763 1454 798 diabolus
1475 764 1716 810 suggerendo,
1749 763 1809 800 vel

242 821 362 867 aliqua
384 819 591 866 appetibilia
613 818 864 865 proponendo,
886 818 1025 852 inducit
1046 818 1090 851 ad
1113 817 1284 852 affectum
1305 818 1456 864 peccati.

310 875 370 909 AD
386 884 593 909 SECUNDUM
613 873 819 914 dicendum,
843 872 938 918 quod
961 871 1162 905 similitudo
1183 871 1246 906 illa
1264 880 1319 906 est
1336 871 1554 906 attendenda
1574 879 1749 918 quantum
1764 871 1808 906 ad

239 929 325 970 hoc,
352 928 449 975 quod
477 926 640 961 diabolus
671 925 946 972 quodammodo
977 933 1029 959 est
1060 936 1168 959 causa
1194 933 1430 971 peccatorum
1460 932 1687 967 nostrorum3
1716 924 1812 959 sicut
1863 925 1865 934 '

239 983 340 1017 Deus
373 989 426 1016 est
452 980 573 1027 aliquo
601 981 713 1014 modo
742 990 851 1013 causa
876 979 1059 1013 bonorum
1088 986 1317 1013 nostrorum:
1351 990 1426 1012 non
1458 986 1582 1012 tamen
1616 978 1809 1012 attenditur

239 1043 413 1082 quantum
445 1034 489 1068 ad
518 1034 669 1067 modum
705 1034 892 1067 causandi:
924 1044 1009 1066 nam
1039 1033 1139 1067 Deus
1174 1041 1298 1067 causat
1322 1032 1419 1067 bona
1447 1032 1596 1067 interius
1624 1031 1807 1066 movendo
1862 1038 1864 1045 '

239 1089 486 1130 voluntatem3
509 1087 605 1134 quod
629 1087 776 1121 diabolo
800 1086 994 1120 convenire
1018 1097 1092 1120 non
1114 1094 1243 1132 potest.
1848 1123 1853 1130 ,ῃ

312 1143 372 1177 AD
396 1152 567 1176 TERTIUM
588 1141 794 1182 dicendum,
816 1140 913 1186 quod
928 1140 1027 1173 Deus
1052 1147 1105 1173 est
1126 1139 1328 1174 universale
1343 1139 1559 1186 principium
1583 1139 1702 1173 omnis
1723 1139 1810 1173 inte·
1840 1132 1875 1177 ἐξ

239 1197 344 1231 rioris
367 1205 488 1230 motus
510 1195 677 1229 humani:
701 1194 762 1228 sed
786 1194 883 1240 quod
905 1193 1164 1228 determinetur
1191 1193 1234 1227 ad
1256 1193 1396 1227 malum
1426 1192 1620 1227 consilium
1640 1191 1808 1227 voluntas
1841 1191 1851 1214 ἕ

240 1252 413 1292 humana,
435 1251 506 1284 hoc
531 1249 665 1283 directe
681 1248 826 1294 quidem
842 1254 894 1281 est
916 1259 957 1281 ex
971 1246 1159 1281 voluntate
1177 1247 1350 1289 humana,
1367 1255 1400 1281 et
1415 1246 1560 1281 diabolo
1576 1258 1638 1293 per
1656 1247 1808 1281 modum

240 1304 500 1352 persuadentis,
522 1302 580 1337 vel
602 1301 807 1348 appetibilia
828 1301 1074 1348 proponentis.

815 1431 1161 1477 ARTICULUS
1200 1432 1256 1474 H.
1734 1454 1804 1491 432

418 1543 571 1573 UTRUM
593 1541 812 1571 DIABOLUS
840 1541 990 1570 POSSIT
1018 1541 1240 1571 INDUCERE
1267 1541 1325 1569 AD
1354 1540 1628 1571 PECCANDUM

759 1607 961 1637 INTERIUS
994 1606 1283 1637 INSTIGANDO.

472 1695 575 1741 (Mal.
591 1706 620 1741 q.
633 1707 660 1741 3.
677 1699 740 1728 art.
759 1705 791 1738 4.
808 1698 835 1728 et
848 1706 877 1739 q.
893 1693 945 1728 16.
961 1698 1026 1728 art.
1041 1705 1074 1728 2.
1090 1698 1120 1728 et
1135 1693 1256 1738 Quodl.
1269 1706 1297 1740 3.
1313 1699 1378 1729 art.
1393 1695 1424 1729 8.
1441 1694 1562 1741 corp).
1830 1709 1846 1744 j,

310 1787 370 1821 AD
393 1794 601 1820 SECUNDUM
623 1783 673 1818 sic
689 1783 906 1829 proceditur.
929 1782 1092 1824 Videtur,
1115 1782 1212 1829 quod
1231 1782 1396 1817 diabolus
1410 1794 1485 1817 non
1505 1783 1620 1829 possit
1636 1783 1808 1819 inducere
1829 1767 1843 1816 ἢ

239 1841 282 1876 ad
305 1839 532 1887 peccandum
554 1837 703 1871 interius
724 1836 947 1882 instigando:
971 1836 1161 1870 interiores
1184 1836 1281 1870 enim
1299 1844 1421 1870 motus
1437 1836 1580 1871 animae
1601 1845 1684 1871 sunt
1700 1849 1808 1884 ·quae-
1824 1862 1847 1874 ,-

239 1896 323 1929 dam
346 1905 456 1940 opera
477 1892 589 1926 vitae:
613 1891 675 1926 sed
702 1890 844 1925 nullum
876 1902 965 1937 opus
988 1890 1083 1924 vitae
1107 1898 1226 1937 potest
1247 1901 1325 1925 esse
1347 1890 1417 1925 nisi
1442 1902 1461 1924 a
1483 1891 1660 1937 principio
1688 1891 1846 1930 intrin·-'

239 1960 337 1991 seco,
359 1959 427 1982 nec
447 1946 557 1981 etiam
580 1957 670 1991 opus
686 1946 829 1979 animae
844 1944 1067 1989 vegetabilis,
1083 1944 1181 1990 quod
1201 1951 1253 1978 est
1266 1943 1435 1978 infimum
1452 1944 1546 1978 inter
1563 1955 1674 1991 opera
1693 1945 1839 1988 vitae;..'

239 2014 326 2049 ergo
350 2000 512 2035 diabolus
533 1999 734 2033 secundum
756 1999 946 2032 interiores
968 2005 1089 2032 motus
1110 2009 1185 2032 non
1212 2005 1332 2044 potest
1357 1998 1550 2032 hominem
1569 1998 1741 2045 instigare
1763 1998 1827 2034 ad·

239 2057 389 2092 malum.

312 2121 342 2145 2.
366 2110 603 2144 PRAETEREA.
625 2107 768 2142 Omnes
781 2106 971 2141 interiores
993 2113 1115 2140 motus
1134 2105 1335 2140 secundum
1349 2105 1516 2140 ordinem
1529 2113 1678 2140 naturae
1698 2118 1718 2140 a
1732 2115 1830 2141 sen-

240 2165 337 2199 sibus
360 2162 595 2198 exterioribus
617 2161 796 2194 oriuntur:
821 2161 883 2194 sed
905 2167 1045 2206 praeter
1068 2159 1232 2193 ordinem
1254 2167 1404 2193 naturae
1431 2158 1564 2206 aliquid
1587 2160 1729 2206 operari
1755 2164 1830 2195 est‘

239 2217 351 2253 solius
373 2217 455 2259 Dei,
477 2224 515 2250 ut
532 2215 569 2249 in
595 2226 622 2248 1.
646 2214 783 2248 dictum
805 2222 858 2248 est
881 2213 926 2260 (q.
950 2225 1019 2249 110.
1041 2218 1106 2248 art.
1128 2214 1200 2258 4.),·
1223 2224 1312 2258 ergo
1339 2212 1504 2247 diabolus
1530 2224 1605 2248 non
1627 2221 1746 2260 potest
1769 2213 1811 2248 in,

241 2270 469 2306 interioribus
492 2269 651 2303 motibus
665 2268 825 2302 hominis
841 2267 974 2314 aliquid
994 2267 1147 2313 operari,
1169 2266 1238 2301 nisi
1255 2266 1456 2301 secundum
1474 2278 1527 2310 ea,
1551 2278 1642 2314 quae
1663 2267 1700 2301 in
1716 2275 1824 2302 exte-.

240 2325 394 2360 rioribus
415 2323 578 2358 sensibus
601 2329 785 2368 apparent.

315 2391 344 2426 3.
366 2379 603 2413 PRAETEREA.
626 2375 819 2409 Interiores
841 2382 941 2408 actus
960 2374 1102 2408 animae
1125 2381 1207 2408 sunt
1227 2373 1441 2419 intelligere,
1463 2381 1499 2408 et
1515 2373 1725 2420 imaginari:
1745 2373 1838 2410 sed·-.

240 2440 417 2480 quantum
440 2431 484 2465 ad
506 2438 675 2464 neutrum
702 2429 834 2462 horum
863 2436 981 2475 potest
1004 2427 1169 2462 diabolus
1191 2426 1325 2473 aliquid
1348 2427 1510 2474 operari:
1533 2427 1627 2474 quia,
1659 2436 1697 2462 ut
1717 2428 1753 2462 in
1778 2438 1807 2463 1.

240 2487 404 2521 habitum
426 2493 479 2519 est
499 2484 644 2529 (ivrzplz'c.
666 2494 696 2528 q.
720 2495 782 2517 ιιι.
804 2487 866 2516 art.
889 2493 919 2516 2.
943 2481 1028 2516 ad2.
1051 2486 1080 2515 et
1097 2486 1162 2516 art.
1181 2493 1208 2527 3.
1224 2481 1266 2515 ad
1280 2481 1343 2526 2.)‚
1362 2480 1526 2515 diabolus
1544 2492 1618 2516 non
1633 2481 1808 2528 imprimit

240 2541 276 2575 in
298 2539 525 2574 intellectum
547 2537 768 2571 humanum:
793 2536 826 2569 in
850 2535 1080 2581 phantasiam
1099 2535 1209 2569 etiam
1230 2534 1371 2568 videtur
1385 2534 1481 2581 quod
1503 2534 1712 2581 imprimere
1730 2545 1805 2570 non
1835 2541 1850 2562 ’-

239 2594 372 2641 possit3
395 2592 477 2638 quia
500 2590 639 2625 formae
658 2589 906 2635 imaginariae,
925 2597 1114 2634 tamquam
1136 2588 1252 2633 magis
1275 2587 1487 2633 spirituales
1509 2595 1592 2622 sunt
1613 2588 1827 2635 dignioresf‘
1851 2589 1855 2631 ζ

240 2659 349 2694 quam
368 2645 520 2687 formae,
543 2655 634 2690 quae
656 2651 738 2677 sunt
759 2643 795 2676 in
814 2642 965 2676 materia
979 2641 1149 2683 sensibili,
1165 2652 1252 2687 quas
1274 2649 1396 2675 tamen
1413 2640 1577 2676 diabolus
1598 2641 1819 2688 imprimere·-
1848 2645 1858 2686 ,·-

240 2712 314 2735 non
337 2707 465 2747 potest,
485 2706 521 2733 ut
543 2705 640 2744 patet
661 2707 703 2730 ex
718 2696 784 2737 his,
808 2707 899 2741 quae
918 2696 953 2729 in
973 2695 1091 2741 primo
1112 2695 1234 2729 habita
1253 2703 1335 2729 sunt
1357 2695 1404 2740 (q.
1423 2706 1492 2730 110.
1515 2699 1578 2729 art.
1601 2707 1632 2730 2.
1653 2701 1683 2730 ct
1697 2707 1726 2742 q.
1742 2705 1819 2730 111:
1854 2694 1857 2700 '

240 2760 304 2789 art.
327 2766 358 2790 2.
380 2758 408 2788 ct
430 2757 492 2787 art.
512 2764 539 2798 3.
562 2751 604 2785 ad
626 2750 699 2795 2.);
724 2760 810 2795 ergo
834 2748 999 2782 diabolus
1021 2759 1095 2782 non
1117 2756 1236 2795 potest
1257 2748 1457 2783 secundum
1478 2748 1669 2784 interiores
1683 2756 1818 2791 motus}

241 2808 411 2842 inducere
434 2806 625 2840 hominem
645 2804 687 2838 ad
707 2810 909 2849 peccatum.

315 2861 389 2895 SED
412 2869 566 2895 CONTRA
590 2866 652 2899 est,
675 2856 758 2903 quia
784 2855 985 2890 secundum
1011 2855 1082 2889 hoc
1110 2867 1310 2902 numquam
1339 2863 1493 2890 tentaret
1514 2855 1715 2898 hominem,
1737 2853 1806 2890 nisi
1848 2861 1855 2866 '

242 2914 427 2950 visibiliter
449 2911 668 2960 apparendo,
690 2910 786 2957 quod
810 2916 905 2955 patet
927 2921 1004 2943 esse
1026 2908 1167 2943 falsum.
