1907 3198
466 151 688 189 QUAESTIO
720 151 840 181 XXIX.
876 150 1122 181 ARTICULUS
1155 150 1213 180 VI.
1542 151 1628 195 227

125 238 355 273 RESPONDEO
378 235 585 277 dicendum,
608 234 706 282 quod
728 233 772 269 de
794 233 989 268 universali
1015 233 1191 280 dupliciter
1218 232 1396 280 contingit
1422 233 1540 281 loqui:
1564 246 1628 269 uno

54 291 162 335 modo,
184 290 386 326 secundum
413 290 510 336 quod
538 289 660 324 subest
685 288 878 323 intentioni
906 287 1202 322 universalitatis:
1226 287 1292 322 alio
1321 296 1441 322 autem
1464 287 1560 322 modo
1583 288 1631 323 di-

55 348 146 382 citur
165 345 210 379 de
235 352 374 386 natura,
398 343 456 378 cui
477 342 558 377 talis
581 343 734 377 intentio
757 342 978 376 attribuitur:
1001 342 1071 376 alia
1093 349 1146 376 est
1168 341 1266 376 enim
1294 341 1538 376 consideratio
1565 342 1630 377 ho-

53 399 160 435 minis
181 397 405 439 universalis,
429 405 464 431 et
485 397 554 432 alia
573 397 734 431 hominis
758 396 792 430 in
816 407 860 431 eo
883 395 980 442 quod
1004 404 1058 430 est
1080 396 1209 431 homo.

124 452 164 488 Si
185 452 294 499 igitur
316 450 522 486 universale
545 451 742 498 accipiatur
763 450 882 498 primo
906 450 1031 492 modo,
1054 450 1104 484 sic
1127 449 1226 484 nulla
1254 450 1416 497 potentia
1439 450 1632 485 sensitivae

52 507 173 557 partis,
194 517 313 553 neque
337 505 613 553 apprehensiva,
636 516 753 552 neque
777 504 984 551 appetitiva,
1007 504 1091 539 ferri
1113 512 1232 551 potest
1253 504 1289 538 in
1313 504 1528 546 universale,
1544 505 1628 551 quia

52 559 254 597 universale
275 559 314 594 fit
335 571 398 607 per
421 559 703 594 abstractionem
723 571 742 593 a
758 558 909 593 materia
928 557 1152 600 individuali,
1172 559 1208 592 in
1228 570 1297 605 qua
1312 559 1493 593 radicatur
1511 559 1630 593 omnis

51 616 162 651 virtus
183 614 364 649 sensitiva.
387 613 513 648 Potest
535 621 658 647 tamen
682 612 802 660 aliqua
828 612 991 660 potentia
1017 612 1202 655 sensitiva,
1230 621 1264 647 et
1291 612 1567 660 apprehensiva,
1595 621 1630 647 et

51 668 246 717 appetitiva
265 666 350 702 ferri
370 667 407 701 in
430 666 565 714 aliquid
587 666 858 701 universaliter:
886 667 980 702 sicut
1007 666 1174 709 dicimus,
1201 667 1299 713 quod
1322 667 1508 713 objectum
1529 667 1628 702 visus

51 730 105 758 est
125 721 229 757 color
248 720 449 757 secundum
473 732 606 768 genus;
629 731 703 755 non
727 721 810 767 quia
831 720 929 755 visus
952 728 1154 767 cognoscat
1175 720 1342 755 colorem
1364 720 1628 764 universalem;

51 775 114 813 sed
135 775 219 824 quia
240 775 338 823 quod
361 774 464 810 color
485 774 530 810 sit
549 774 809 821 cognoscibilis
830 786 848 808 a
867 775 958 817 visu,
981 786 1055 809 non
1076 775 1248 809 convenit
1266 774 1398 818 colori,
1413 775 1628 821 inquantum

51 838 105 866 est
124 830 184 865 hic
207 829 321 872 color,
340 828 402 864 sed
416 828 634 875 inquantum
653 836 706 863 est
725 828 830 863 color
844 828 1068 874 simpliciter.
1089 829 1150 863 Sic
1169 840 1258 875 ergo
1278 828 1404 863 odium
1424 829 1534 863 etiam
1554 841 1631 864 sen-

50 884 176 920 sitivae
196 883 307 931 partis
328 890 448 930 potest
468 882 650 929 respicere
673 881 807 929 aliquid
830 883 867 916 in
890 883 1100 918 universali:
1125 883 1208 930 quia
1231 894 1273 917 ex
1292 891 1420 918 natura
1439 883 1629 917 communi

50 937 185 986 aliquid
207 937 417 972 adversatur
438 935 598 979 animali,
622 944 656 971 et
677 947 752 970 non
775 935 896 971 solum
919 948 961 971 ex
984 948 1028 972 eo
1051 937 1148 984 quod
1177 945 1231 972 est
1257 937 1508 984 particularis;
1536 938 1629 972 sicut

49 991 155 1040 lupus
176 991 256 1027 ovi:
283 990 379 1026 unde
407 990 485 1025 ovis
513 990 590 1025 odit
617 989 744 1037 lupum
772 990 1007 1037 generaliter:
1037 992 1099 1026 sed
1129 992 1181 1026 ira
1213 1003 1357 1038 semper
1389 1000 1558 1026 causatur
1586 1004 1629 1027 ex

50 1045 172 1094 aliquo
192 1044 412 1093 particulari,
435 1044 518 1092 quia
541 1056 583 1079 ex
606 1043 729 1091 aliquo
753 1053 835 1079 actu
858 1044 1053 1080 laedentis:
1078 1054 1178 1080 actus
1202 1053 1325 1080 autem
1352 1046 1628 1093 particularium

49 1108 149 1136 sunt:
172 1108 209 1135 et
228 1107 376 1147 propter
395 1099 468 1134 hoc
490 1098 707 1145 Philosoph.
730 1099 818 1134 dicit
836 1099 913 1145 (lib.
933 1111 963 1134 2.
985 1100 1076 1135 Rha.
1097 1107 1171 1147 sap.
1193 1111 1226 1145 4.
1240 1101 1444 1147 prop.fi›z.)‚
1461 1101 1558 1147 quod
1577 1101 1630 1135 ira

49 1165 193 1202 semper
213 1162 268 1189 est
289 1154 333 1188 ad
356 1153 491 1200 aliquid
512 1152 751 1200 particulare;
774 1153 901 1187 odium
928 1165 1017 1188 vero
1040 1162 1160 1200 potest
1181 1165 1259 1188 esse
1283 1154 1326 1188 ad
1349 1154 1484 1201 aliquid
1513 1155 1548 1189 in
1572 1166 1630 1201 ge-

48 1219 154 1244 nere:
176 1208 238 1244 sed
260 1207 399 1250 odium,
421 1207 624 1242 secundum
645 1207 743 1253 quod
766 1215 820 1241 est
839 1207 876 1241 in
899 1216 998 1254 parte
1021 1208 1257 1250 intellectiva,
1280 1220 1365 1242 cum
1385 1217 1630 1256 consequatur

50 1262 380 1310 apprehensionem
401 1260 647 1296 universalem
669 1259 887 1303 intellectus,
909 1268 1030 1308 potest
1049 1270 1203 1308 utroque
1226 1262 1339 1297 modo
1360 1274 1438 1298 esse
1460 1271 1629 1310 respectu

49 1316 272 1353 universalis.
590 1340 592 1342 ·

123 1371 184 1406 AD
210 1380 362 1407 PRIMUM
388 1380 477 1417 ergo
504 1368 714 1411 dicendum,
742 1368 840 1416 quod
876 1380 1002 1404 sensus
1032 1381 1108 1404 non
1144 1370 1384 1417 apprehendit
1415 1371 1629 1414 universale,

51 1433 159 1473 prout
179 1433 233 1461 est
253 1424 476 1460 universale:
500 1423 738 1471 apprehendit
764 1432 890 1458 tamen
916 1423 1064 1471 aliquid,
1092 1424 1151 1459 cui
1176 1436 1239 1472 per
1267 1425 1551 1460 abstractionem
1574 1438 1630 1461 ac-

51 1479 138 1515 cidit
158 1478 423 1514 universalitas.

121 1533 182 1569 AD
197 1544 418 1576 SECUNDUM,
433 1532 642 1575 dicendum,
657 1532 756 1579 quod
770 1532 806 1566 id
821 1533 920 1579 quod
935 1543 1135 1568 commune
1151 1542 1204 1568 est
1219 1534 1400 1577 omnibus,
1415 1546 1490 1569 non
1510 1544 1629 1582 potest

51 1599 130 1624 esse
151 1587 244 1623 ratio
266 1587 359 1622 odii:
379 1587 442 1623 sed
460 1586 552 1621 nihil
571 1586 751 1633 prohibet,
771 1585 906 1633 aliquid
926 1598 1004 1622 esse
1021 1598 1220 1623 commune
1234 1588 1370 1632 multis,
1388 1589 1486 1636 quod
1504 1598 1628 1625 tamen

49 1642 213 1678 dissonat
233 1642 276 1676 ab
300 1641 397 1685 aliis;
420 1649 456 1676 et
476 1641 526 1676 sic
550 1649 605 1676 est
631 1641 682 1676 eis
704 1641 887 1676 odiosum.

121 1696 182 1733 AD
197 1706 370 1732 TERTmM
384 1695 592 1737 dicendum,
607 1695 705 1742 quod
719 1694 781 1729 illa
801 1695 958 1741 objectio
972 1696 1137 1742 procedit
1147 1696 1190 1731 de
1205 1696 1412 1739 universali,
1426 1697 1628 1733 secundum

50 1750 147 1799 quod
164 1750 303 1786 substat
319 1749 512 1785 intentioni
530 1748 829 1784 universalitatis:
854 1749 905 1784 sic
925 1750 1024 1784 enim
1040 1761 1116 1785 non
1135 1751 1232 1786 cadit
1244 1751 1309 1785 sub
1326 1752 1628 1799 apprehensione,

48 1804 108 1841 vel
132 1804 292 1853 appetitu
314 1803 500 1840 sensitivo.

554 2081 913 2143 QUAESTIO
950 2082 1122 2131 XXX.

167 2209 233 2242 DE
259 2207 683 2246 CONCUPISCENTIA‚
715 2207 766 2238 IN
793 2207 1023 2248 QUATUOR
1049 2209 1314 2242 ARTICULOS
1340 2211 1516 2243 DIVISA.

122 2345 266 2382 Deinde
288 2343 597 2380 considerandum
619 2351 673 2379 est
694 2343 738 2378 de
761 2344 1068 2391 concupiscentia.

519 2434 562 2469 Et
585 2434 675 2469 circa
697 2433 756 2469 hoc
775 2439 982 2481 quaeruntur
1003 2441 1158 2482 quatuor.

103 2507 260 2543 .Prim0.
282 2506 417 2542 Utrum
439 2505 736 2552 concupiscentia
759 2505 804 2540 sit
824 2506 860 2541 in
884 2507 1044 2554 appetitu
1071 2508 1244 2544 sensitivo
1266 2517 1420 2544 tantum.

125 2561 308 2598 Secundo.
331 2561 465 2596 Utrum
487 2559 786 2606 concupiscentia
808 2561 853 2595 sit
875 2561 996 2608 passio
1018 2562 1198 2609 specialis.

124 2614 263 2651 Tertio.
283 2615 418 2651 Utrum
439 2615 511 2650 sint
532 2613 675 2661 aliquae
699 2615 1019 2662 concupiscentiae
1042 2617 1237 2661 naturales,
1260 2626 1295 2653 et
1313 2618 1454 2665 aliquae
1475 2630 1550 2653 non
1568 2631 1628 2654 na-

51 2669 196 2706 turales.

128 2723 284 2769 Quarto.
307 2724 440 2760 Utrum
463 2721 761 2769 concupiscentia
780 2723 825 2758 sit
846 2723 997 2759 infinita.
