1907 3198
499 176 723 213 Quasssrio
757 175 874 206 xcw.
907 175 1154 206 Anicetus
1187 175 1246 206 VI.
1570 163 1655 219 689

154 269 186 295 2.
208 259 446 295 PRAETEREA.
468 259 526 294 Ad
550 270 635 294 eum
657 257 777 293 solum
798 258 953 304 pertinet
978 258 1078 305 leges
1108 258 1344 304 interpretari,
1367 259 1469 303 cujus
1492 266 1546 292 cst
1573 269 1657 292 con-

81 313 167 350 dere
188 312 307 360 leges:
326 313 389 348 sed
409 313 574 347 omnium
595 312 820 347 subditorum
842 311 913 357 legi
936 323 1009 346 non
1032 320 1086 347 est
1106 311 1206 357 leges
1228 312 1404 353 condere;
1419 323 1507 356 ergo
1527 322 1656 345 eorum

80 377 157 403 non
171 374 226 402 est
238 366 465 414 interpretari
480 365 698 412 legislatoris
714 365 966 407 intentionem,
981 365 1042 400 sed
1057 376 1203 412 semper
1220 365 1422 400 secundum
1441 365 1549 399 verba
1566 364 1658 410 legis

81 430 191 467 agere
212 419 354 455 debent.

156 484 186 520 3.
207 472 446 509 PRAETEREA.
470 472 604 509 Omnis
631 472 773 519 sapiens
799 471 1040 507 intentionem
1063 483 1168 506 suam
1191 471 1308 506 verbis
1330 471 1434 506 novit
1456 471 1656 518 explicare:

81 525 145 563 sed
164 525 219 562 illi
239 527 301 573 qui
323 525 423 573 leges
438 526 689 568 condiderunt,
704 525 861 571 reputari
875 525 1007 560 debent
1020 525 1220 572 sapientes:
1243 525 1331 560 dicit
1346 527 1446 560 enim
1471 524 1658 571 Sapientia

80 579 191 617 PrOV.
212 578 265 615 8.:
289 579 353 615 Per
374 592 424 615 me
441 591 527 625 reges
549 584 701 626 regnant,
717 583 745 614 et
762 579 866 624 legum
878 578 1060 613 conditores
1077 581 1167 625 justa
1184 578 1339 614 decerunt
1349 591 1361 620 ‚·
1378 589 1467 624 ergo
1487 578 1531 612 de
1547 578 1659 613 inten-

79 633 181 670 tione
201 631 421 680 legislatoris
443 644 517 668 non
540 641 593 668 est
614 632 861 679 judicandum,
883 632 950 666 nisi
974 644 1036 678 per
1065 632 1175 667 verba
1196 631 1299 678 legis.

155 685 231 722 SED
253 696 411 723 CONTRA
433 695 498 729 est,
520 687 618 733 quod
637 686 750 721 Hilar.
765 686 853 720 dicit
874 685 909 720 in
931 696 964 728 4.
980 685 1024 720 de
1047 685 1150 720 Trin.
1166 686 1276 731 (circa
1294 685 1421 730 med.):
1436 685 1660 731 Intelligcntia

81 739 249 777 dictorum
269 752 309 776 ex
329 741 436 776 causis
451 745 498 776 est
523 740 716 776 assumenda
737 739 866 774 dicendi
877 752 886 774 :
915 740 993 785 qm'a
1013 751 1077 773 non
1098 740 1245 774 sermoni
1266 751 1326 781 res,
1348 738 1401 774 sed
1422 740 1471 773 rei
1492 739 1583 774 debet
1597 750 1660 774 esse

80 805 187 830 sermo
202 794 365 840 subjectus
373 805 386 835 ;
409 804 498 840 ergo
519 793 637 840 magis
659 802 714 828 est
735 792 992 827 attendendum
1017 792 1061 826 ad
1083 803 1245 834 causam,
1267 803 1360 839 quae
1379 792 1496 827 movit
1514 791 1660 838 legisla-

80 854 214 890 torem,
227 858 338 894 quam
357 847 401 882 ad
422 847 499 894 ipsa
517 847 626 882 verba
647 846 749 893 legis.

153 899 385 937 RESPONDEO
407 900 616 943 dicendum,
638 900 748 948 quod,
770 900 863 935 sicut
882 911 991 946 supra
1009 899 1147 934 dictum
1164 908 1217 934 est
1231 900 1279 946 (q.
1295 911 1352 946 90.
1372 904 1436 934 art.
1451 899 1516 945 2.)‚
1536 899 1658 934 omnis

81 952 140 990 lex
159 953 348 989 ordinatur
368 954 413 989 ad
435 965 674 989 communem
689 954 884 988 hominum
906 952 1078 995 salutem;
1101 962 1136 988 et
1158 953 1337 987 intantum
1360 953 1501 988 obtinet
1523 953 1610 995 vim,
1624 961 1662 988 et

81 1006 263 1044 rationem
283 1006 396 1054 legis;
415 1007 618 1043 secundum
639 1018 727 1042 vero
749 1007 846 1054 quod
869 1007 912 1041 ab
931 1007 1003 1041 hoc
1026 1006 1160 1048 deficit,
1178 1006 1350 1042 virtutem
1372 1006 1561 1053 obligandi
1582 1017 1658 1041 non

81 1059 208 1097 habet:
223 1060 556 1108 undeJurisperitus
570 1061 657 1096 dicit
672 1061 748 1105 (lib.
767 1073 795 1096 1.
810 1061 841 1106 ff.
857 1062 906 1095 tit.
924 1073 951 1107 3.
966 1060 1002 1095 dc
1017 1061 1129 1105 Legib.
1148 1065 1177 1095 ct
1189 1060 1433 1106 Senatuscons.)
1453 1061 1550 1107 quod
1567 1060 1662 1095 nulla

82 1115 172 1151 ratio
188 1115 292 1161 juris,
314 1119 372 1150 aut
392 1116 568 1162 aequitatis
582 1116 764 1161 benignitas
778 1116 922 1162 patitur,
942 1119 1073 1161 atquae
1090 1114 1268 1150 salubriter
1282 1121 1348 1162 pro
1365 1115 1469 1150 salute
1487 1115 1661 1149 hominum

82 1167 354 1210 introducuntur,
375 1180 413 1204 ca
435 1180 492 1204 nos
509 1168 642 1203 duriori
661 1169 931 1215 interpretatione
949 1174 1067 1203 contra
1098 1169 1246 1215 ipsorum
1268 1168 1476 1203 commodum
1494 1168 1662 1215 perduca-

82 1232 157 1257 mus
176 1220 220 1256 ad
236 1223 455 1257 severitatem.
476 1221 669 1268 Contingit
691 1230 813 1256 autem
841 1221 1040 1263 multoties,
1067 1222 1163 1268 quod
1187 1221 1321 1268 aliquid
1346 1222 1531 1256 observari
1559 1233 1662 1256 com-

83 1274 185 1310 muni
200 1274 307 1310 saluti
317 1283 372 1310 est
381 1274 467 1310 utile
482 1283 521 1310 ut
538 1275 574 1310 in
589 1275 761 1322 pluribus,
777 1274 873 1321 quod
888 1283 1012 1309 tamen
1028 1275 1063 1308 in
1079 1274 1257 1321 aliquibus
1276 1275 1418 1310 casibus
1433 1284 1487 1310 est
1501 1276 1661 1310 maxime

83 1327 275 1364 nocivum:
297 1328 382 1376 quia
407 1328 518 1375 igitur
542 1328 730 1375 legislator
755 1339 830 1362 non
857 1336 975 1374 potest
1001 1339 1130 1363 omnes
1157 1328 1358 1374 singulares
1385 1340 1490 1364 casus
1518 1330 1662 1371 intueri,

83 1382 256 1430 proponit
275 1381 398 1430 legem
419 1382 620 1417 secundum
643 1393 696 1426 ea,
719 1393 811 1428 quae
832 1382 869 1416 in
891 1381 1052 1428 pluribus
1075 1382 1255 1425 accidunt,
1277 1381 1395 1418 ferens
1418 1383 1659 1418 intentionem

83 1445 189 1471 suam
211 1435 256 1471 ad
278 1446 517 1470 communem
539 1434 754 1471 utilitatem:
776 1435 871 1470 unde
893 1437 920 1470 si
936 1441 1080 1481 emergat
1103 1447 1206 1478 casus,
1227 1437 1261 1470 in
1283 1447 1347 1483 quo
1369 1437 1558 1472 observatio
1587 1437 1662 1471 talis

0 1509 4 1519 ι
22 1514 26 1518 ⁴
83 1488 163 1535 tegis
176 1489 220 1524 sit
235 1488 396 1525 damnosa
414 1490 585 1525 communi
604 1489 717 1532 saluti,
737 1501 802 1524 non
821 1494 863 1524 est
877 1489 1104 1525 observanda:
1123 1489 1216 1524 sicut
1237 1490 1266 1524 si
1287 1490 1324 1524 in
1347 1491 1490 1525 civitate
1513 1491 1661 1525 obsessa

83 1549 260 1578 statuatur
279 1541 349 1586 lex,
370 1542 468 1590 quod
490 1550 617 1590 portae
637 1542 790 1578 civitatis
813 1551 986 1577 maneant
1007 1542 1164 1585 clausae,
1191 1543 1263 1578 hoc
1287 1552 1340 1578 est
1362 1543 1448 1579 utile
1471 1544 1661 1578 communi

83 1595 192 1634 saluti
210 1604 251 1633 ut
270 1596 307 1633 in
328 1596 509 1645 pluribus:
531 1597 562 1633 si
583 1605 706 1632 tamen
730 1597 919 1643 contingat
940 1608 1057 1639 casus,
1076 1597 1172 1644 quod
1196 1597 1320 1632 hostes
1340 1597 1579 1644 insequantur
1602 1597 1663 1632 ali-

83 1661 177 1698 quos
197 1650 308 1693 cives,
330 1662 394 1698 per
415 1662 508 1698 quos
529 1650 655 1686 civitas
677 1659 924 1692 conservatur,
946 1651 1219 1686 damnosissum
1242 1659 1336 1686 esset
1358 1651 1506 1693 civitati,
1525 1652 1592 1686 nisi
1608 1653 1662 1686 eis

83 1711 211 1752 portae
231 1704 475 1752 aperirentur:
491 1712 526 1740 et
547 1704 630 1739 ideo
648 1704 685 1739 in
703 1703 767 1739 tali
786 1715 871 1739 casu
891 1712 1011 1739 essent
1025 1713 1150 1751 portae
1171 1705 1386 1750 aperiendae
1410 1713 1538 1739 contra
1552 1705 1662 1740 verba

83 1756 188 1805 legis,
208 1765 247 1793 ut
267 1765 471 1793 servaretur
492 1757 627 1792 utilitas
649 1757 869 1799 communis,
894 1769 1004 1804 quam
1031 1757 1218 1804 legislator
1244 1758 1407 1793 intendit.
1438 1758 1510 1793 Sed
1537 1767 1662 1793 tamen

83 1810 158 1847 hoc
179 1818 235 1847 est
251 1810 571 1853 considerandum,
586 1811 684 1858 quod
706 1811 735 1846 si
750 1811 957 1846 observatio
979 1810 1070 1857 legis
1083 1811 1287 1846 secundum
1303 1812 1414 1846 verba
1433 1823 1508 1846 non
1530 1812 1664 1846 habeat

84 1864 244 1901 subitum
265 1864 482 1912 periculum,
503 1865 562 1899 cui
589 1872 758 1912 oporteat
778 1864 899 1899 statim
928 1864 1082 1907 occurri,
1109 1875 1183 1899 non
1211 1865 1366 1911 pertinet
1392 1865 1436 1899 ad
1464 1865 1665 1912 quemlibet

85 1926 125 1954 ut
143 1918 409 1966 interpretetur,
431 1918 516 1966 quid
538 1918 584 1953 sit
606 1917 691 1953 utile
713 1918 862 1960 civitati,
884 1925 919 1952 et
937 1917 1022 1964 quid
1045 1917 1170 1953 inutile
1186 1918 1339 1953 civitati:
1363 1919 1426 1954 sed
1449 1919 1520 1953 hoc
1541 1918 1662 1954 solum

84 1971 240 2019 pertinet
261 1971 306 2007 ad
331 1972 523 2020 principes,
550 1971 610 2019 qui
638 1979 784 2018 propter
810 1971 1021 2016 hujusmodi
1049 1983 1152 2007 casus
1181 1971 1315 2006 habent
1341 1973 1599 2007 auctoritatem
1626 1973 1662 2007 in

85 2023 227 2072 legibus
239 2025 492 2073 dispensandi:
506 2026 534 2060 si
549 2036 638 2060 vero
652 2025 697 2060 sit
711 2025 869 2060 subitum
884 2024 1099 2072 periculum,
1115 2036 1190 2060 non
1203 2025 1343 2072 patiens
1362 2034 1501 2060 tantam
1518 2037 1662 2061 moram

85 2086 126 2114 ut
140 2078 187 2115 ad
207 2079 435 2127 superiorem
457 2079 594 2114 recurri
615 2079 741 2126 possit,
771 2078 847 2125 ipsa
869 2078 1066 2114 necessitas
1087 2079 1400 2126 dispensationem
1422 2080 1533 2115 habet
1552 2091 1661 2115 anne-

83 2142 189 2176 xam;
209 2133 294 2180 quia
311 2132 509 2168 necessitas
530 2144 605 2168 non
623 2132 787 2167 subditur
808 2131 892 2178 legi.

155 2186 218 2223 AD
231 2196 381 2222 mummi
396 2197 486 2233 ergo
500 2185 708 2227 dicendum,
723 2186 820 2232 quod
835 2185 907 2228 ille,
925 2185 986 2233 qui
1007 2185 1044 2220 in
1066 2196 1153 2221 casu
1175 2186 1400 2221 necessitatis
1425 2187 1499 2233 agit
1521 2195 1664 2233 praeter

84 2240 194 2277 verba
213 2238 318 2287 legis,
342 2250 418 2275 non
443 2239 580 2286 judicat
604 2239 648 2274 de
675 2239 752 2286 ipsa
773 2238 866 2286 lege,
893 2239 955 2274 sed
981 2239 1118 2285 judicat
1139 2239 1182 2274 de
1205 2251 1291 2274 casu
1313 2239 1499 2287 singulari,
1527 2242 1562 2275 in
1589 2251 1663 2287 quo

84 2293 184 2330 videt
202 2292 311 2328 verba
333 2291 424 2339 legis
445 2292 670 2328 observanda
692 2303 765 2327 non
789 2303 879 2328 esse.

156 2346 218 2383 AD
239 2356 448 2383 SECUNDUM
470 2346 677 2388 dicendum,
699 2346 797 2392 quod
819 2345 879 2380 ille
900 2346 961 2393 qui
983 2346 1144 2393 sequitur
1165 2346 1404 2382 intentionem
1428 2346 1661 2393 legislatoris,

85 2410 161 2436 non
181 2399 435 2448 interpretatur
454 2399 575 2447 legem
599 2398 822 2446 simpliciter,
850 2400 911 2434 sed
934 2400 969 2434 in
992 2411 1077 2435 casu
1099 2400 1136 2435 in
1162 2411 1235 2447 quo
1259 2399 1493 2436 manifestum
1521 2409 1574 2435 est
1601 2412 1665 2447 per

86 2453 308 2490 evidentiam
327 2453 541 2489 nocumenti
565 2452 628 2499 [al.
649 2452 851 2499 documenti]
874 2452 1121 2499 legislatorem
1150 2453 1246 2488 aliud
1275 2454 1489 2490 intendisse:
1509 2454 1537 2488 si
1565 2455 1662 2489 enim

86 2506 238 2544 dubium
270 2506 327 2550 sit,
359 2506 466 2542 debet
495 2505 554 2542 vel
586 2506 789 2542 secundum
822 2506 930 2541 verba
960 2506 1051 2553 legis
1082 2518 1201 2554 agere,
1227 2507 1286 2542 vel
1321 2507 1547 2555 superiorein
1581 2519 1666 2542 con-

85 2558 217 2598 sulem.

157 2613 220 2651 An
241 2623 414 2650 'rt-:Ruunt
434 2613 643 2656 dicendum,
659 2613 756 2661 quod
770 2612 904 2649 nullius
918 2614 1080 2650 hominis
1101 2614 1277 2662 sapientia
1295 2623 1394 2650 tanta
1413 2624 1478 2657 est,
1494 2623 1531 2650 ut
1551 2614 1666 2662 possit

87 2677 217 2705 mnes
236 2666 440 2715 singulares
460 2678 567 2703 casus
592 2666 816 2713 excogitare:
834 2675 872 2702 et
887 2667 972 2703 ideo
994 2679 1068 2703 non
1090 2676 1208 2715 potest
1228 2667 1449 2704 sufficienter
1471 2680 1533 2716 per
1555 2668 1664 2704 verba

86 2730 153 2759 mn
173 2719 376 2769 exprimere
394 2731 450 2764 ea,
467 2732 560 2768 quae
580 2720 804 2755 conveniunt
822 2720 865 2755 ad
881 2719 990 2756 tinem
1013 2721 1212 2764 intentum;
1232 2730 1266 2757 et
1284 2721 1313 2756 si
1333 2730 1455 2769 posset
1476 2721 1665 2768 legislator

88 2784 218 2812 omnes
237 2784 343 2811 casus
363 2774 608 2817 considerare,
630 2785 704 2809 non
726 2782 911 2821 oporteret
929 2783 967 2810 ut
985 2786 1115 2810 omnes
1133 2775 1350 2822 exprimeret
1372 2783 1519 2822 propter
1541 2774 1666 2810 confu-

87 2827 232 2865 sionem
252 2827 459 2872 vitandam
479 2827 543 2864 sed
564 2826 688 2874 legem
718 2826 810 2863 serre
838 2827 984 2864 deberet
1011 2828 1212 2863 secundum
1236 2840 1290 2871 ea,
1311 2839 1404 2876 quae
1435 2829 1471 2863 in
1502 2827 1666 2876 pluribus

88 2882 271 2920 accidunt
