1907 3182
258 171 340 213 152
673 168 893 204 QUAESTIO
928 168 1046 198 XVIII.
1081 168 1324 198 ARTICULUS
1357 168 1414 198 VI.

326 263 356 287 2.
378 252 613 287 PRAETEREA.
629 251 680 293 Id,
695 250 791 297 quod
806 258 858 285 est
873 262 934 296 per
949 250 1127 292 accidens,
1142 261 1215 284 non
1231 249 1414 284 constituit
1432 249 1602 296 speciem,
1617 257 1655 284 ut
1672 249 1810 284 dictum

254 314 307 341 est
330 306 407 350 (art.
422 307 574 352 praec.):
598 305 659 339 sed
682 304 812 338 accidit
833 303 941 337 alicui
963 304 1068 345 actui,
1096 303 1192 349 quod
1221 303 1404 337 ordinetur
1431 303 1474 337 ad
1501 302 1659 349 aliquem
1680 303 1810 346 finem;

253 360 345 394 sicut
368 359 463 406 quod
486 358 612 404 aliquis
628 358 686 392 det
704 357 976 403 eleemosynam
991 364 1135 403 propter
1156 357 1302 390 inanem
1317 355 1490 401 gloriam3
1509 367 1595 402 ergo
1611 356 1812 391 secundum

255 415 387 456 bonum,
400 421 434 447 et
447 413 585 455 malum,
602 412 697 458 quod
714 419 765 445 est
777 422 817 445 ex
832 411 914 452 fine,
929 422 1003 444 non
1015 410 1298 444 diversificantur
1313 417 1412 444 actus
1426 411 1626 444 secundum
1640 410 1810 456 speciem.

328 479 356 513 3.
380 467 615 501 PRAETEREA.
638 465 782 498 Diversi
804 472 903 498 actus
926 464 1125 498 secundum
1147 464 1305 510 speciem
1328 463 1372 497 ad
1391 475 1503 497 unum
1524 463 1633 498 finem
1655 463 1813 498 ordinari

254 528 420 567 possunt;
444 520 534 554 sicut
557 519 599 552 ad
619 519 726 552 finem
747 518 861 551 inanis
885 517 1021 563 gloriae
1045 517 1201 551 ordinari
1219 524 1370 563 possunt
1391 525 1490 551 actus
1508 517 1730 551 diversarum
1747 517 1814 550 vir-

254 582 382 616 tutum,
405 582 439 608 et
460 574 685 607 diversorum
712 572 902 613 vitiorum3
925 582 998 605 non
1022 582 1108 617 ergo
1137 572 1268 612 bonum,
1296 578 1331 605 et
1350 571 1488 612 malum,
1516 571 1612 617 quod
1640 570 1813 617 accipitur

254 628 455 662 secundum
477 627 598 667 finem,
621 625 838 659 diversificat
859 625 1018 670 speciem
1037 632 1195 658 actuum.

327 682 400 715 SED
416 691 570 715 CONTRA
590 687 652 720 est,
673 678 768 724 quod
784 689 891 724 supra
910 686 1095 712 ostensum
1111 685 1161 711 est
1177 678 1222 723 (q.
1246 690 1272 712 l.
1289 678 1417 723 art.3.),
1433 677 1529 723 quod
1545 685 1644 712 actus
1662 677 1813 712 humani

255 736 387 769 habent
398 734 556 780 speciem
576 745 594 766 a
610 732 699 774 fine,
719 743 805 777 ergo
826 733 957 773 lamam,
975 739 1009 765 et
1023 732 1160 773 malum,
1180 730 1276 777 quod
1292 730 1465 777 accipitur
1478 731 1675 766 secundum
1690 731 1812 773 finem,

255 788 470 823 diversificat
491 787 649 833 speciem
673 794 829 819 actuum.

325 843 553 876 RESPONDEO
574 840 777 881 dicendum,
793 839 890 885 quod
909 839 1020 884 aliqui
1038 846 1138 872 actus
1153 838 1319 872 dicuntur
1333 838 1481 880 humani,
1500 838 1714 884 inquantum
1732 847 1814 873 sunt

254 895 458 937 voluntarii,
480 895 572 928 sicut
593 905 699 940 supra
721 893 858 926 dictum
881 901 933 926 est
948 893 994 938 (q.
1016 905 1043 927 r.
1066 897 1129 926 arl.
1149 893 1213 938 I.):
1237 892 1273 925 in
1295 899 1377 926 actu
1399 899 1518 926 autem
1541 891 1747 926 voluntario
1765 893 1815 926 in-

254 950 393 984 venitur
414 949 531 995 duplex
557 954 659 990 actus,
691 946 848 982 scilicet:
876 955 975 980 actus
1003 947 1145 981 interior
1171 945 1379 988 voluntatis,
1405 953 1440 980 et
1467 953 1566 980 actus
1592 947 1745 981 exterior.
1771 945 1816 980 Et

255 1012 403 1049 uterque
418 1003 550 1036 horum
566 1009 711 1035 actuum
730 1001 839 1034 habet
847 1012 953 1034 suum
969 1000 1167 1051 objectum:
1183 999 1262 1033 finis
1273 1007 1394 1033 autem
1407 999 1551 1045 proprie
1566 1007 1619 1033 est
1633 999 1815 1046 objectum

254 1056 432 1092 interioris
448 1064 546 1089 actus
563 1054 775 1089 voluntarii:
791 1054 825 1088 id
842 1061 973 1095 autem,
990 1053 1085 1087 circa
1101 1053 1197 1099 quod
1213 1060 1265 1087 est
1276 1053 1370 1087 actio
1386 1052 1551 1095 exterior,
1565 1061 1618 1087 est
1631 1053 1815 1100 objectum

255 1112 345 1156 ejus:
370 1110 463 1144 sicut
483 1109 591 1155 igitur
613 1116 712 1142 actus
735 1107 889 1142 exterior
912 1107 1042 1153 accipit
1064 1106 1224 1153 speciem
1252 1106 1293 1140 ab
1323 1106 1479 1152 objecto,
1502 1106 1597 1141 circa
1619 1106 1717 1153 quod
1743 1115 1814 1141 est:

254 1165 302 1199 ita
325 1172 424 1198 actus
446 1163 595 1197 interior
615 1161 811 1196 voluntatis
835 1161 965 1207 accipit
991 1161 1149 1207 speciem
1178 1171 1197 1194 a
1217 1160 1299 1202 fine,
1322 1160 1414 1194 sicut
1441 1171 1460 1194 a
1486 1160 1632 1207 proprio
1659 1160 1815 1207 objecto.

255 1218 293 1252 ld
314 1226 445 1259 autem,
468 1217 564 1263 quod
588 1226 639 1250 est
661 1228 702 1250 ex
724 1223 823 1262 parte
845 1214 1053 1256 voluntatis,
1077 1226 1113 1249 se
1136 1214 1244 1248 habet
1270 1222 1308 1248 ut
1329 1213 1482 1248 formale
1507 1214 1550 1248 ad
1570 1214 1618 1256 id,
1645 1215 1742 1261 quod
1764 1223 1817 1249 est

255 1283 297 1306 ex
318 1279 417 1317 parte
440 1270 624 1304 exterioris
647 1278 766 1304 actus:
795 1269 879 1315 quia
904 1267 1072 1302 voluntas
1100 1268 1209 1302 utitur
1235 1267 1406 1302 membris
1433 1267 1477 1302 ad
1505 1268 1698 1313 agendum,
1724 1268 1817 1303 sicut

256 1324 519 1359 instrumentis:
554 1334 670 1369 neque
699 1330 798 1357 actus
833 1322 1027 1356 exteriores
1054 1322 1188 1356 habent
1214 1322 1394 1356 rationem
1422 1321 1648 1364 moralitatis,
1674 1322 1742 1356 nisi
1767 1322 1817 1356 in-

257 1387 431 1425 quantum
453 1386 535 1412 sunt
555 1376 769 1419 voluntarii3
793 1384 827 1410 et
852 1376 933 1410 ideo
962 1383 1061 1410 actus
1088 1376 1239 1409 humani
1267 1375 1404 1422 species
1430 1375 1631 1410 formaliter
1657 1376 1818 1410 conside-

258 1440 355 1466 ratur
381 1431 581 1466 secundum
607 1430 728 1473 finem,
763 1429 996 1464 materialiter
1026 1438 1147 1463 autem
1181 1429 1381 1463 secundum
1415 1429 1598 1475 objectum
1631 1430 1816 1464 exterioris

258 1495 378 1528 actus;
399 1486 491 1519 unde
514 1484 649 1519 Philos.
673 1484 759 1518 dicit
779 1484 814 1517 in
841 1494 868 1529 ς.
897 1483 1012 1517 Ethic.
1037 1484 1126 1529 (cap.
1153 1495 1183 1518 2.
1201 1488 1276 1530 post
1299 1484 1437 1529 princ),
1465 1483 1562 1529 quod
1588 1482 1660 1525 ille,
1687 1484 1748 1529 qui
1767 1483 1817 1517 fu-

258 1548 365 1582 ratur,
384 1548 421 1573 ut
444 1539 648 1573 committat
670 1537 897 1579 adulterium,
921 1545 973 1571 est
994 1548 1056 1583 per
1074 1548 1110 1570 se
1129 1536 1313 1582 loquendo
1329 1536 1445 1582 magis
1467 1536 1606 1570 adulter
1623 1548 1732 1582 quam
1750 1536 1815 1571 fur.

328 1594 387 1628 AD
409 1603 558 1628 PRIMUM
581 1603 666 1637 ergo
690 1592 895 1633 dicendum,
918 1590 1015 1637 quod
1036 1590 1115 1624 finis
1137 1590 1246 1624 habet
1263 1590 1443 1624 rationem
1465 1590 1607 1636 objecti,
1628 1598 1667 1624 ut
1680 1590 1816 1625 dictum

259 1656 311 1682 est
334 1647 384 1691 (in
407 1654 495 1694 corp.
518 1652 546 1682 et
567 1659 595 1692 q.
619 1659 645 1682 I.
668 1651 730 1680 art.
751 1646 808 1692 3).

329 1701 387 1735 AD
411 1711 616 1735 SECUNDUM
639 1700 845 1741 dicendum,
868 1698 964 1745 quod
987 1697 1145 1732 ordinari
1159 1698 1203 1732 ad
1220 1697 1331 1732 talem
1345 1697 1467 1740 finem,
1487 1698 1552 1732 etsi
1570 1698 1711 1733 accidat
1727 1706 1818 1733 exte-

258 1755 343 1789 riori
366 1755 470 1796 actui,
495 1766 568 1787 non
589 1762 711 1788 tamen
740 1753 870 1786 accidit
897 1752 991 1786 actui
1012 1752 1175 1786 interiori
1194 1751 1402 1794 voluntatis,
1430 1752 1491 1798 qui
1517 1760 1748 1799 comparatur
1773 1752 1817 1787 ad

258 1809 483 1849 exteriorem,
507 1808 598 1841 sicut
620 1806 773 1841 formale
797 1807 840 1840 ad
863 1805 1060 1840 materiale.

329 1862 387 1895 An
410 1872 581 1895 TERTIUM
605 1861 809 1902 dicendum,
834 1859 930 1905 quod
951 1859 1095 1905 quando
1116 1858 1220 1894 multi
1239 1867 1339 1894 actus
1361 1859 1481 1906 specie
1503 1858 1706 1894 differentes
1728 1859 1819 1894 ordi-

257 1923 387 1949 nantur
417 1915 459 1948 ad
487 1926 599 1948 unum
626 1914 747 1955 finem,
776 1922 827 1947 est
853 1914 999 1959 quidem
1027 1913 1212 1947 diversitas
1244 1913 1379 1960 speciei
1405 1924 1447 1948 ex
1472 1921 1572 1960 parte
1599 1913 1817 1948 exteriorum

258 1977 415 2011 actuum,
437 1969 499 2003 sed
521 1969 637 2003 unitas
659 1968 792 2014 speciei
815 1979 856 2001 ex
878 1975 977 2013 parte
1001 1975 1100 2001 actus
1122 1967 1312 2001 interioris.

797 2102 1142 2147 ARTICULUS
1171 2103 1271 2146 VII.
1753 2124 1817 2149 110

495 2223 647 2253 UTRUM
674 2223 843 2252 SPECIES
871 2223 1119 2263 BONITATIS,
1149 2224 1266 2259 QUAE
1288 2223 1367 2252 EST
1394 2223 1450 2252 EX
1472 2222 1584 2263 FINE,

260 2289 575 2320 CONTINEATUR
593 2289 669 2318 SUB
691 2289 852 2328 SPECIE,
872 2289 989 2323 QUAE
1008 2289 1086 2318 EST
1099 2290 1154 2318 Ex
1170 2289 1380 2331 OBJECTO,
1395 2288 1523 2319 SICUT
1538 2289 1616 2318 SUB
1634 2288 1816 2328 GENERE,

838 2354 918 2382 VEL
945 2355 969 2383 E
994 2354 1239 2385 CONVERSO.

798 2459 861 2482 2-2.
890 2460 919 2493 q.
948 2460 991 2482 H.
1020 2453 1082 2482 art.
1111 2460 1137 2483 ι.
1165 2447 1208 2482 ad
1234 2449 1294 2494 2.).

330 2551 387 2585 An
411 2561 600 2585 SEP'I'IMUM
624 2550 672 2584 sic
696 2550 910 2596 proceditur.
933 2549 1094 2591 Videtur,
1115 2550 1211 2596 quod
1234 2549 1370 2596 species
1392 2549 1573 2592 bonitatis,
1589 2560 1680 2596 quac
1702 2556 1755 2583 est
1776 2560 1818 2583 ex

259 2605 339 2646 fine,
363 2605 587 2638 contineatur
608 2604 671 2637 sub
695 2605 813 2650 specie
837 2604 1017 2644 bonitatis,
1041 2616 1130 2649 quae
1154 2612 1205 2638 est
1228 2616 1269 2638 ex
1292 2605 1447 2649 objecto,
1471 2603 1562 2637 sicut
1587 2603 1726 2649 species
1754 2602 1816 2637 sub

259 2671 408 2703 genere3
433 2667 526 2704 puta,
547 2670 629 2692 cuni
649 2657 776 2703 aliquis
795 2657 870 2691 vult
890 2657 1007 2696 furari,
1028 2666 1064 2691 ut
1084 2658 1141 2691 det
1159 2657 1452 2704 eleemosynam:
1477 2666 1575 2692 actus
1597 2658 1692 2691 enim
1712 2657 1819 2691 habet

259 2713 415 2759 speciem
439 2725 479 2746 ex
502 2711 657 2757 objecto,
680 2720 715 2745 ut
739 2712 874 2746 dictum
897 2721 948 2746 est
970 2717 1047 2755 (ιιι-Ι.
1068 2718 1180 2757 juncus.
1204 2718 1231 2746 ct
1253 2724 1282 2747 2.
1306 2713 1373 2757 lmj.
1397 2724 1426 2757 q.
1450 2716 1478 2746 et
1499 2724 1528 2757 ‹J-
1552 2723 1578 2746 ι.
1602 2716 1654 2745 art
1672 2712 1733 2757 3.).·
1756 2711 1817 2745 sed

260 2766 482 2812 impossibile
511 2774 574 2807 est,
602 2766 697 2811 quod
732 2765 865 2811 aliquid
902 2765 1128 2799 contineatur
1155 2766 1189 2798 in
1219 2766 1338 2812 aliqua
1365 2765 1434 2799 alia
1461 2765 1591 2812 specie,
1622 2765 1718 2811 quod
1753 2765 1817 2799 sub

260 2821 402 2866 propria
429 2820 546 2866 specie
575 2819 777 2853 continetur
805 2819 864 2864 [al.
894 2831 956 2853 non
988 2821 1184 2861 continetur,
1214 2828 1248 2854 et
1275 2819 1318 2853 al.
1346 2831 1428 2865 quac
1454 2820 1510 2854 sub
1532 2819 1675 2865 propria
1705 2819 1818 2864 aliqua

258 2875 357 2919 spa-ie
378 2886 440 2908 που
464 2873 698 2918 conliazeczlnr]‚
722 2873 803 2919 quia
831 2872 927 2907 idem
953 2884 1025 2906 non
1053 2881 1172 2918 potest
1198 2884 1274 2908 esse
1298 2874 1333 2907 in
1355 2872 1505 2907 diversis
1531 2872 1717 2918 speciebus
1743 2882 1817 2906 non
