1907 3182
264 190 344 243 176
685 201 906 236 QUAESTIO
939 201 1011 229 XX.
1045 200 1290 230 ARTICULUS
1324 200 1384 229 ΙΙΙ.

327 282 387 316 AD
413 293 563 317 PRIMUM
586 294 672 328 ergo
696 282 901 324 dicendum,
928 282 1025 328 quod
1046 282 1138 316 ratio
1160 281 1221 315 illa
1247 281 1385 328 probat,
1409 282 1505 327 quod
1533 290 1632 316 actus
1658 281 1818 323 interior,

256 342 291 369 et
312 336 465 370 exterior
486 344 567 370 sunt
589 336 719 370 diversi
741 336 941 370 secundum
961 347 1060 381 genus
1074 340 1213 370 naturae
1225 348 1234 369 :
1257 335 1319 369 sed
1341 343 1463 369 tamen
1485 346 1526 369 ex
1545 335 1594 369 eis
1616 335 1665 369 sic
1689 335 1820 369 diversi

257 389 484 423 constituitur
506 401 617 423 unum
637 391 670 423 iu
690 401 802 435 genere
823 390 937 431 moris,
961 397 998 422 ut
1019 400 1125 434 supra
1148 389 1285 422 dictum
1307 396 1360 422 est
1383 388 1428 434 (q.
1446 400 1495 434 17.
1518 394 1581 423 art.
1601 389 1663 434 4.).

327 442 387 477 AD
410 454 617 478 SECUNDUM
640 442 845 483 dicendum,
873 442 981 487 quod,
1004 442 1096 476 sicut
1117 442 1245 476 dicitur
1267 441 1303 475 in
1322 440 1354 475 6.
1377 441 1492 476 Ethic.
1518 441 1605 489 (cap.
1627 454 1676 477 12.
1692 448 1818 488 parum

254 507 274 529 α
291 497 432 542 priua),
455 497 603 531 virtutes
625 496 781 530 morales
801 496 1011 529 ordinantur
1033 496 1076 529 ad
1098 496 1195 542 ipsos
1215 504 1314 529 actus
1332 496 1516 538 virtutum,
1535 496 1597 542 qui
1617 504 1699 530 sunt
1717 495 1819 542 quasi

255 549 365 584 fines:
388 550 576 596 prudentia
604 558 736 591 autem,
759 560 849 595 quae
872 556 923 582 est
953 549 989 582 in
1018 549 1170 591 ratione,
1194 549 1237 582 ad
1268 560 1309 582 ea
1336 560 1427 595 quae
1454 557 1536 583 sunt
1562 549 1605 583 ad
1632 549 1762 591 finem;
1784 557 1819 584 et

256 611 401 649 propter
414 604 485 637 hoc
501 604 728 649 requiruntur
742 603 903 636 diversae
918 602 1085 645 virtutes3
1108 603 1169 637 sed
1182 602 1275 636 ratio
1289 610 1387 636 recta
1406 602 1448 636 de
1463 603 1542 649 ipso
1561 602 1631 637 fine
1645 603 1818 636 virtutum

253 668 327 690 non
350 657 458 691 habet
482 657 591 691 aliam
605 656 817 698 bonitatem,
833 667 942 701 quam
956 656 1156 690 bonitatem
1170 656 1323 698 virtutis,
1342 656 1542 690 secundum
1557 656 1653 702 quod
1674 656 1817 691 bonitas

251 711 400 745 rationis
422 710 653 757 participatur
674 709 710 743 in
732 708 891 755 qualibet
911 709 1051 743 virtute.

324 764 384 798 AD
402 774 571 798 TERTmM
590 763 796 804 dicendum,
816 763 912 808 quod
931 763 1076 808 quando
1096 762 1229 808 aliquid
1249 774 1291 797 ex
1309 773 1382 797 uno
1401 762 1580 797 derivatur
1596 763 1633 798 in
1652 762 1817 805 alterum,

253 817 345 851 sicut
366 829 407 851 ex
430 828 537 851 causa
560 824 688 862 agente
711 816 878 857 univoca,
898 824 982 850 tunc
1003 816 1098 849 aliud
1118 824 1180 857 est,
1200 816 1297 862 quod
1316 824 1369 850 est
1384 816 1421 850 in
1435 824 1607 862 utroque;
1626 817 1718 850 sicut
1732 827 1817 850 cum

253 870 411 904 calidum
434 869 608 911 calefacit,
632 869 721 903 alius
739 880 893 903 numero
913 877 966 903 est
984 869 1084 903 calor
1103 868 1358 911 calefacientis,
1379 877 1413 904 et
1429 869 1529 903 calor
1544 869 1719 911 calefacti,
1733 869 1819 904 licet

251 924 349 957 idem
368 924 412 958 sit
432 924 468 957 in
484 923 620 969 specie:
644 923 706 957 sed
726 922 870 968 quando
889 921 1023 968 aliquid
1042 922 1223 956 derivatur
1238 923 1279 956 ab
1299 934 1371 956 uno
1390 923 1427 956 in
1446 922 1599 956 alterum
1617 922 1816 957 secundum

253 976 472 1022 analogiam,
493 976 551 1010 vel
573 976 859 1022 proportionem,
882 983 967 1010 tunc
990 983 1043 1009 est
1063 983 1203 1009 tantum
1227 987 1339 1009 unum
1361 987 1533 1018 numero3
1555 976 1649 1010 sicut
1669 987 1689 1009 a
1714 986 1817 1017 sano,

252 1031 347 1076 quod
371 1038 423 1064 est
443 1030 479 1063 in
499 1041 651 1075 corpore
670 1028 848 1071 animalis,
868 1029 1048 1063 derivatur
1066 1040 1195 1062 sanum
1214 1029 1257 1062 ad
1275 1029 1507 1071 medicinam,
1522 1037 1557 1063 et
1573 1029 1731 1062 urinam:
1749 1039 1816 1062 nec

252 1083 320 1117 alia
342 1084 475 1118 sanitas
498 1092 550 1117 θεῖ
571 1083 785 1124 medicinae,
809 1091 843 1116 et
870 1082 1005 1124 urinae,
1028 1094 1137 1128 quam
1159 1082 1292 1116 sanitas
1316 1082 1493 1125 animalis,
1512 1093 1622 1128 quam
1637 1081 1817 1116 medicina

251 1136 346 1178 facit,
369 1145 403 1171 et
425 1137 526 1170 urina
548 1136 745 1182 significat3
768 1144 802 1170 et
823 1136 894 1170 hoc
918 1136 1030 1170 modo
1050 1147 1070 1170 a
1087 1136 1248 1170 bonitate
1266 1135 1462 1170 voluntatis
1481 1136 1662 1170 derivatur
1674 1135 1816 1169 bonitas

252 1199 352 1225 actus
375 1190 572 1232 exterioris,
595 1198 629 1225 et
651 1201 670 1224 e
693 1201 889 1232 converso;
912 1189 1050 1224 scilicet
1071 1190 1272 1224 secundum
1291 1190 1457 1224 ordinem
1472 1189 1577 1225 unius
1592 1190 1636 1225 ad
1651 1189 1815 1224 alterum.

796 1320 1140 1366 ARTICULUS
1177 1321 1253 1364 IV.
1750 1332 1814 1366 128

251 1428 406 1459 UTRUM
428 1429 569 1459 ACTUS
592 1429 810 1460 EXTERIOR
832 1430 1015 1465 ALIQUID
1037 1430 1190 1459 ADDAT
1206 1430 1262 1458 DE
1279 1429 1515 1468 BONITATE,
1534 1429 1616 1459 VEL
1632 1429 1816 1458 MALITIA

725 1494 860 1524 SUPRA
880 1495 1033 1524 ACTUM
1055 1495 1337 1525 INTERIOREM.

348 1581 449 1627 (Insr.
469 1593 498 1627 q.
521 1592 577 1626 24.
597 1587 702 1632 ezr-223.
719 1588 807 1628 corp.
827 1587 857 1616 et
877 1594 941 1617 2-2.
965 1594 994 1628 q.
1018 1582 1072 1628 76.
1096 1588 1159 1616 art.
1178 1593 1211 1626 4.
1231 1581 1273 1615 ad
1292 1593 1322 1616 2.
1345 1586 1374 1616 et
1394 1592 1426 1616 2.
1448 1581 1536 1616 Dist.
1555 1592 1588 1626 4.
1611 1585 1674 1616 art.
1688 1592 1718 1627 3.

772 1640 800 1670 et
821 1636 903 1669 Mal.
928 1647 957 1681 q.
980 1647 1011 1670 2.
1033 1641 1098 1671 art.
1120 1647 1151 1671 2.
1174 1635 1216 1669 ad
1235 1636 1295 1680 8.).

321 1724 380 1758 AD
412 1734 600 1763 QUARTUM
628 1725 678 1758 sic
701 1724 918 1770 proceditur.
947 1724 1109 1765 Videtur,
1132 1723 1228 1769 quod
1251 1722 1406 1758 exterior
1428 1730 1527 1756 actus
1548 1733 1623 1756 non
1645 1721 1752 1756 addat
1777 1721 1813 1756 in

248 1778 421 1819 bonitate,
443 1777 501 1811 vel
517 1777 653 1812 malitia
669 1790 773 1824 supra
790 1787 911 1812 actum
925 1778 1155 1812 interiorem:
1177 1777 1262 1811 dicit
1281 1777 1378 1812 enim
1398 1776 1686 1823 Chrysostomus
1707 1787 1814 1822 super

248 1831 375 1865 Matth.
397 1831 497 1875 (hom.
519 1843 570 1877 19.
588 1838 713 1878 purum
737 1843 755 1866 u
773 1832 925 1878 princ.):
955 1832 1111 1866 Voluntas
1128 1836 1182 1873 est,
1203 1843 1282 1877 quae
1304 1835 1361 1865 aut
1382 1835 1615 1865 remuneratur
1626 1836 1691 1876 pro
1715 1831 1810 1872 bono,

249 1890 305 1919 aut
319 1885 555 1919 condemnatur
567 1891 631 1931 pro
650 1885 757 1920 malo:
778 1896 888 1931 opera
910 1893 1033 1919 autem
1050 1884 1259 1919 testimonia
1288 1892 1370 1918 sunt
1395 1883 1611 1925 voluntatis3
1633 1894 1708 1917 non
1726 1894 1813 1929 ergo

248 1939 386 1984 quaerit
404 1939 503 1972 Deus
519 1950 628 1984 opera
648 1947 793 1985 propter
812 1950 860 1981 se,
881 1948 917 1973 ut
935 1939 1024 1973 sciat
1042 1939 1229 1984 quomodo
1248 1938 1400 1983 judicet3
1419 1938 1480 1972 sed
1499 1946 1645 1984 propter
1659 1936 1762 1979 alios,
1777 1946 1815 1971 ut

249 2003 376 2026 omnes
390 1991 603 2037 intelligant,
620 1992 701 2038 quia
715 1994 828 2037 justus
844 2000 897 2027 est
910 1993 1027 2027 Deus:
1052 1992 1113 2026 sed
1135 1992 1273 2035 malum,
1294 1991 1353 2025 vel
1375 1993 1495 2026 bonum
1517 1991 1632 2037 magis
1643 1998 1696 2025 est
1714 1991 1816 2025 aesti-

249 2045 422 2079 mandum
445 2045 645 2079 secundum
667 2046 840 2091 judicium
867 2046 947 2087 Dei,
962 2057 1071 2092 quam
1093 2045 1481 2091 secundumjudicium
1494 2045 1706 2087 hominum3
1725 2056 1812 2091 ergo

249 2107 348 2132 actus
363 2099 516 2132 exterior
533 2098 622 2132 nihil
645 2099 743 2133 addit
765 2099 807 2133 ad
829 2100 1040 2141 bonitatem,
1055 2098 1112 2133 vel
1127 2098 1303 2133 malitiam
1325 2110 1431 2144 super
1449 2106 1570 2132 actum
1591 2097 1812 2132 interiorem.

321 2162 351 2186 2.
374 2152 610 2186 PRAETEREA.
635 2153 716 2186 Una
739 2161 773 2186 et
795 2153 921 2187 eadem
945 2162 998 2187 est
1019 2153 1160 2187 bonitas
1181 2152 1372 2194 interioris,
1392 2161 1426 2186 et
1440 2151 1625 2186 exterioris
1648 2159 1759 2193 actus,
1776 2160 1814 2186 ut

249 2206 385 2240 dictum
402 2214 454 2240 est
470 2206 548 2250 (art.
561 2208 710 2252 p7·u‹;r.):
735 2207 795 2241 sed
816 2215 1053 2251 augmentum
1072 2206 1110 2241 fit
1128 2218 1190 2252 per
1210 2206 1431 2240 additionem
1451 2205 1556 2239 unius
1575 2206 1619 2239 ad
1639 2204 1812 2247 alterum3

249 2270 336 2305 ergo
360 2267 459 2293 actus
481 2259 635 2293 exterior
657 2271 730 2293 non
751 2260 847 2294 addit
865 2261 900 2293 in
919 2261 1090 2302 bonitate,
1104 2260 1162 2294 vel
1181 2259 1319 2294 malitia
1333 2270 1439 2306 super
1454 2267 1575 2293 actum
1589 2259 1811 2293 interiorem.

324 2324 351 2358 3.
380 2313 615 2347 PRAETEREA.
648 2312 743 2347 Tota
766 2314 907 2347 bonitas
931 2322 1115 2347 creaturae
1137 2313 1227 2347 nihil
1249 2313 1346 2348 addit
1367 2324 1474 2359 supra
1496 2312 1697 2347 bonitatem
1724 2312 1812 2346 divi-

248 2377 353 2407 nam;
376 2366 458 2411 quia
477 2374 553 2400 tota
572 2366 753 2400 derivatur
776 2378 793 2400 a
815 2367 973 2401 bonitate
993 2367 1132 2400 divina:
1156 2367 1217 2401 sed
1232 2367 1374 2401 bonitas
1389 2375 1489 2400 actus
1505 2366 1690 2400 exterioris
1704 2377 1814 2412 quan-

249 2420 366 2465 doque
395 2427 470 2453 tota
493 2420 673 2453 derivatur
700 2432 741 2453 ex
767 2420 927 2454 bonitate
955 2429 1054 2454 actus
1077 2421 1268 2463 interioris,
1296 2420 1512 2467 quandoque
1535 2428 1656 2454 autem
1683 2431 1702 2454 e
1729 2431 1812 2454 con-

247 2484 364 2514 verso,
387 2481 424 2506 ut
446 2473 583 2506 dictum
606 2481 658 2506 est
683 2473 760 2516 (art.
782 2475 939 2519 p1·ucc.);
963 2486 1035 2507 non
1060 2486 1146 2520 ergo
1171 2486 1283 2508 unum
1306 2485 1433 2509 eorum
1455 2474 1552 2508 addit
1577 2473 1613 2507 in
1639 2473 1811 2516 bonitate,

247 2525 305 2560 vel
327 2525 464 2560 malitia
486 2538 594 2572 super
616 2525 779 2560 alterum.

320 2580 393 2613 SED
417 2590 582 2614 CONTRA.
608 2579 730 2614 Omne
754 2591 864 2625 agens
887 2581 1038 2614 intendit
1060 2582 1233 2627 consequi
1255 2581 1404 2623 bonurn,
1424 2589 1459 2615 et
1475 2581 1588 2615 vitare
1607 2580 1763 2623 malum3
1782 2581 1812 2615 si

248 2644 334 2678 ergo
358 2645 420 2679 per
443 2641 561 2666 actum
586 2633 801 2666 exteriorem
821 2634 910 2667 nihil
934 2634 1074 2667 additur
1097 2634 1139 2668 de
1163 2635 1334 2676 bonitate,
1356 2634 1414 2669 vel
1435 2634 1584 2676 malitia,
1600 2633 1727 2668 frustra
1750 2635 1811 2680 qui

247 2687 355 2720 habet
377 2687 510 2720 bonam
533 2685 770 2728 voluntatem,
794 2687 851 2720 rel
873 2687 1020 2729 malam,
1043 2686 1127 2721 llicit
1150 2699 1240 2734 opus
1262 2688 1412 2730 bonum,
1434 2696 1495 2722 aut
1517 2687 1653 2722 desistit
1672 2699 1690 2721 a
1710 2687 1809 2722 malo

249 2752 368 2786 opere,
391 2741 486 2786 quod
510 2749 562 2774 est
588 2741 859 2774 inconveniens.

319 2793 548 2829 R125120NDE0
578 2795 783 2836 dicendum,
815 2794 910 2840 quod
940 2795 966 2828 si
998 2794 1191 2840 loquamur
1222 2795 1264 2829 de
1295 2795 1454 2830 bonitate
1485 2794 1670 2829 exterioris
1697 2802 1809 2837 actus,

248 2858 355 2892 quam
379 2847 487 2882 habet
513 2860 555 2882 cx
577 2848 736 2882 bonitate
764 2847 854 2889 finis,
882 2856 965 2882 tunc
994 2856 1093 2882 actus
1116 2849 1269 2882 exterior
1292 2848 1380 2883 nihil
1408 2848 1505 2882 addit
1531 2848 1574 2882 ad
1597 2847 1808 2889 bonitatem,

248 2901 315 2935 nisi
338 2902 524 2947 contingat
550 2902 665 2948 ipsam
695 2901 918 2936 voluntatem
942 2902 1139 2936 secundum
1167 2914 1203 2936 se
1232 2893 1305 2936 lieri
1329 2901 1519 2936 meliorem
1547 2902 1581 2935 in
1609 2901 1724 2948 bonis,
1750 2900 1807 2936 vel
