1907 3198
488 207 712 244 QUAESTIO
747 206 910 236 Lxxvu.
944 205 1190 236 ARTICULUS
1225 205 1250 236 I.
1572 205 1652 247 555

157 289 281 325 Sexto.
305 289 438 324 Utrum
459 288 592 335 passio,
619 299 711 335 quae
734 295 787 322 est
808 298 916 322 causa
938 286 1090 334 peccati,
1112 286 1291 321 diminuat
1311 285 1441 332 ipsum.

159 342 336 390 Septimo.
360 342 492 377 Utrum
513 341 674 376 totaliter
695 349 852 376 excuset.

158 395 317 433 Octavo.
341 395 473 431 Utrum
494 403 699 442 peccatum,
721 394 819 441 quod
842 405 882 429 ex
905 394 1074 440 passione
1097 401 1161 435 est,
1184 392 1298 440 possit
1321 403 1399 428 esse
1421 390 1589 427 mortale.

635 536 982 581 ARTICULUS
1018 538 1050 580 I.
1588 557 1654 593 413

117 645 269 676 ornum
294 644 531 675 VOLUNTAS
558 643 802 674 now-:Aron
829 645 856 674 A
890 644 1100 674 passmmz
1126 643 1368 673 APPETITUS
1398 643 1626 674 sensnm.

292 731 407 779 (Supr.
429 743 459 778 q.
483 743 515 778 9.
537 737 603 767 art.
628 744 655 767 1.
677 737 706 766 et
726 744 777 767 10.
799 737 864 766 art.
884 745 911 778 3.
933 737 962 766 et
983 743 1049 767 2·2.
1071 743 1102 778 q.
1124 731 1192 778 156.
1216 736 1282 766 art.
1304 743 1331 766 1.
1354 738 1445 778 corp.

83 790 113 821 el
132 797 162 833 3.
183 797 215 833 q.
235 786 295 831 46.
315 791 381 822 art.
404 797 434 832 7.
457 785 500 820 ad
524 797 553 821 1.
574 790 603 820 el
630 786 718 820 Veri.
740 797 771 832 q.
790 798 816 820 1.
835 791 899 820 art.
921 798 972 821 10.
995 791 1087 832 corp.
1109 790 1138 820 et
1158 797 1188 831 q.
1215 796 1262 831 23.
1285 789 1350 819 art.
1373 796 1406 831 9.
1428 783 1472 819 ad
1488 796 1517 831 3.
1540 789 1569 819 et
1591 785 1657 830 6.).

156 874 216 910 AD
237 885 387 910 PRfflUM
408 874 459 909 sic
483 874 701 922 proceditur.
728 873 892 917 Videtur,
914 873 1012 921 quod
1038 873 1209 909 voluntas
1230 885 1304 908 non
1327 881 1520 908 moveatur
1541 884 1562 907 a
1582 884 1659 920 pas-

0 946 6 982 ,
84 928 187 964 sione
213 928 392 976 appetitus
418 928 597 964 sensitivi:
620 927 719 963 nulla
747 928 844 963 enim
871 928 1031 975 potentia
1062 928 1204 975 passiva
1232 935 1413 969 movetur,
1442 927 1512 962 nisi
1539 937 1559 961 a
1590 937 1657 962 suo

84 983 247 1029 obiecto:
268 981 438 1017 voluntas
461 989 582 1016 autem
606 990 659 1016 est
679 982 841 1029 potentia
863 982 1017 1029 passiva,
1036 990 1071 1016 et
1087 981 1204 1016 activa
1227 980 1346 1024 simul,
1370 981 1586 1028 inquantum
1605 989 1659 1015 est

84 1047 250 1078 movens,
271 1044 308 1071 et
328 1043 447 1078 mota;
474 1036 567 1070 sicut
592 1035 730 1070 Philos.
753 1035 839 1070 dicit
865 1036 902 1070 in
933 1047 960 1082 3.
989 1035 1033 1070 de
1060 1035 1197 1070 Anima
1217 1035 1296 1080 (tex.
1315 1036 1384 1081 54.)
1409 1034 1660 1069 universaliter

83 1089 128 1125 de
148 1089 186 1125 vi
205 1089 421 1137 appetitiva3
443 1100 527 1124 cum
547 1100 635 1136 ergo
657 1089 840 1135 objectum
864 1089 1062 1124 voluntatis
1080 1100 1154 1124 non
1174 1089 1218 1123 sit
1237 1089 1359 1136 passio
1381 1088 1560 1135 appetitus
1583 1099 1660 1122 sen-

82 1143 190 1186 sitivi,
210 1143 274 1179 sed
292 1143 410 1190 magis
431 1143 571 1178 bonum
589 1143 750 1184 rationis,
769 1143 912 1177 videtur
933 1143 1030 1190 quod
1052 1143 1175 1188 passio
1198 1143 1376 1190 appetitus
1398 1141 1561 1177 sensitivi
1582 1152 1657 1176 non

83 1205 233 1232 moveat
251 1196 492 1232 voluntatem.

154 1260 187 1286 2.
209 1250 448 1286 Pium-enm.
463 1249 638 1298 Superior
651 1258 775 1284 motor
787 1260 862 1284 non
878 1258 1047 1284 movetur
1061 1250 1104 1284 ab
1124 1249 1284 1285 inferiori
1302 1263 1309 1292 ;
1331 1250 1425 1284 sicut
1444 1250 1566 1284 anima
1583 1259 1658 1284 non

86 1312 259 1340 movetur
278 1315 299 1339 a
317 1315 493 1350 corpore.
514 1304 576 1339 sed
598 1303 780 1345 voluntas,
797 1314 890 1350 quae
904 1311 958 1338 est
972 1304 1151 1350 appetitus
1173 1304 1335 1345 rationis,
1359 1312 1593 1364 comparatur
1614 1303 1659 1337 ad

83 1358 284 1406 appetitum
305 1357 531 1400 sensitivum,
551 1357 644 1392 sicut
664 1365 786 1392 motor
802 1357 967 1404 superior
981 1357 1026 1391 ad
1040 1356 1261 1392 inferiorem.
1282 1357 1382 1392 Dicit
1399 1357 1497 1391 enim
1519 1356 1658 1392 Philos.

82 1411 121 1446 in
141 1423 172 1459 3.
188 1411 234 1447 de
247 1411 385 1446 Anima
400 1413 481 1456 (tex.
495 1412 578 1458 57),
598 1410 696 1458 quod
715 1411 894 1458 appetitus
910 1411 1059 1445 rationis
1078 1419 1203 1446 movet
1217 1411 1417 1458 appetitum
1433 1411 1580 1446 sensitiv
1584 1422 1659 1453 um,

82 1465 176 1501 sicut
194 1465 233 1500 in
253 1465 469 1512 corporibus
486 1464 704 1500 coelestibus
723 1465 877 1511 sphaera
899 1473 1024 1499 movet
1042 1465 1260 1512 sphaeram3
1282 1476 1370 1512 ergo
1393 1464 1562 1499 voluntas
1584 1475 1658 1499 non

82 1526 203 1567 potest
227 1519 370 1554 moveri
389 1530 411 1553 a
431 1519 601 1566 passione
623 1519 802 1566 appetitus
828 1518 1001 1553 sensitivi.

156 1584 186 1619 3.
207 1571 447 1608 Puni-enm.
460 1571 614 1607 Nullum
628 1572 871 1607 immateriale
889 1580 1008 1619 potest
1026 1573 1167 1607 moveri
1182 1573 1225 1607 ab
1242 1572 1365 1619 aliquo
1380 1572 1577 1608 materiali:
1597 1571 1659 1607 sed

80 1625 251 1662 voluntas
271 1634 326 1661 est
345 1626 508 1673 potentia
529 1626 710 1673 quaedam
732 1625 1000 1661 immaterialis:
1023 1637 1098 1661 non
1118 1627 1216 1661 enim
1239 1627 1350 1661 utitur
1369 1637 1511 1673 organo
1533 1637 1661 1673 corpo·

82 1680 159 1723 rali,
181 1691 266 1715 curn
287 1681 332 1715 sit
348 1680 386 1715 in
407 1682 560 1723 ratione,
583 1688 622 1715 ut
642 1680 773 1715 dicitur
794 1681 830 1715 in
856 1692 884 1727 3.
908 1681 951 1715 de
974 1681 1110 1715 Anima
1134 1681 1211 1725 (tex.
1230 1682 1315 1727 42).·
1339 1681 1517 1728 appetitus
1537 1689 1658 1715 autem

81 1734 273 1770 sensitivus
295 1742 350 1769 est
369 1734 424 1769 vis
444 1734 654 1776 materialis,
668 1742 793 1781 utpote
809 1733 957 1769 fundata
980 1735 1015 1769 in
1037 1746 1180 1781 organo
1195 1734 1398 1782 corporali3
1421 1745 1510 1782 ergo
1537 1734 1659 1782 passio

81 1788 262 1836 appetitus
282 1788 443 1823 sensitivi
464 1799 539 1823 non
561 1796 680 1835 potest
701 1799 850 1822 movere
873 1788 1073 1835 appetitum
1096 1788 1371 1823 intellectivum.

153 1841 230 1878 SED
252 1851 405 1878 coum
419 1849 484 1884 est,
500 1841 598 1888 quod
612 1841 743 1876 dicitur
756 1841 899 1876 Daniel.
928 1853 997 1889 13.:
1015 1841 1291 1889 Concupiscentia
1304 1843 1468 1878 subvertit
1481 1854 1539 1877 cor
1553 1848 1658 1877 tuum.

153 1895 386 1932 Rcsrouneo
407 1895 616 1938 dicendum,
637 1896 735 1943 quod
759 1897 880 1942 passio
903 1897 1081 1944 appetitus
1103 1897 1265 1931 sensitivi
1286 1908 1360 1931 non
1383 1905 1503 1944 potest
1524 1897 1660 1932 directe

80 1950 237 1993 trahere,
259 1957 322 1985 aut
341 1960 492 1985 movere
517 1949 758 1992 voluntatem,
781 1950 843 1985 sed
865 1950 1039 1985 indirecte
1061 1958 1197 1998 potest:
1220 1959 1256 1986 et
1276 1951 1348 1986 hoc
1376 1951 1563 1998 dupliciter.
1585 1951 1659 1986 Uno

81 2003 231 2051 quidem
247 2003 345 2038 modo
363 2003 565 2038 secundum
580 2003 778 2051 quamdam
794 2004 1094 2040 abstractionem:
1111 2016 1195 2039 cum
1211 2005 1308 2040 enim
1328 2016 1457 2040 omnes
1475 2005 1659 2053 potentiae

82 2057 227 2092 animae
245 2057 281 2092 in
295 2068 367 2092 una
389 2057 544 2092 essentia
567 2058 711 2092 animae
730 2058 948 2101 radicentur,
963 2070 1111 2094 necesse
1131 2067 1196 2101 est,
1221 2059 1318 2106 quod
1341 2059 1487 2106 quando
1510 2071 1581 2094 una
1600 2070 1661 2106 po-

81 2111 195 2146 tentia
214 2110 412 2146 intenditur
429 2111 465 2146 in
479 2122 546 2146 suo
563 2119 658 2154 actu,
681 2111 792 2146 altera
813 2111 847 2146 in
867 2123 934 2147 suo
957 2120 1039 2147 actu
1062 2113 1274 2156 remittatur,
1292 2113 1350 2148 vel
1370 2113 1479 2148 etiam
1501 2113 1660 2148 totaliter

82 2164 119 2199 in
140 2175 208 2200 suo
229 2171 313 2199 actu
333 2164 568 2211 impediatur:
590 2173 669 2200 tum
691 2165 775 2212 quia
803 2166 923 2200 omnis
944 2166 1056 2201 virtus
1084 2167 1127 2201 ad
1155 2166 1256 2214 plura
1279 2167 1439 2214 dispersa
1461 2166 1500 2202 fit
1521 2167 1658 2202 minor:

82 2218 179 2254 unde
191 2229 212 2254 e
226 2219 412 2254 contrario
425 2219 574 2266 quando
595 2219 792 2254 intenditur
806 2220 902 2254 circa
917 2232 1042 2263 unum,
1058 2221 1177 2255 minus
1195 2229 1316 2268 potest
1335 2221 1378 2255 ad
1399 2220 1467 2255 alia
1482 2221 1658 2268 dispergi:

81 2280 161 2308 tum
185 2272 271 2320 quia
296 2272 334 2307 in
359 2272 530 2320 operibus
552 2273 696 2308 animae
719 2273 910 2320 requiritur
931 2275 1112 2321 quaedam
1141 2275 1311 2317 intensio,
1330 2286 1423 2321 quae
1445 2275 1532 2309 dum
1554 2275 1661 2310 vehe-

82 2334 225 2362 menter
244 2325 447 2374 applicatur
468 2327 512 2362 ad
535 2338 660 2370 unum,
687 2338 760 2361 non
788 2335 907 2374 potest
934 2327 1036 2363 alteri
1063 2329 1300 2364 vehementer
1327 2328 1530 2363 attendere:
1554 2337 1589 2363 et
1610 2339 1660 2363 se-

83 2379 243 2415 cundum
257 2380 355 2416 hunc
377 2380 531 2416 modum
553 2392 617 2428 per
637 2381 836 2427 quamdam
858 2381 1146 2425 distractionem,
1168 2383 1316 2430 quando
1339 2391 1462 2417 motus
1481 2382 1659 2429 appetitus

82 2433 472 2470 sensitivisortificatur
493 2435 694 2470 secundum
716 2447 986 2483 quamcumque
1008 2437 1229 2483 passionem,
1247 2448 1396 2471 necesse
1415 2445 1469 2471 est
1489 2436 1587 2484 quod
1610 2447 1660 2471 re-

82 2487 257 2532 mittatur,
273 2487 333 2524 vel
348 2488 511 2524 totaliter
531 2489 750 2536 impediatur
771 2497 892 2525 motus
913 2491 1079 2536 proprius
1102 2490 1280 2537 appetitus
1302 2490 1501 2532 rationalis,
1524 2490 1584 2537 qui
1607 2498 1660 2524 cst

81 2541 263 2578 voluntas.
285 2542 366 2578 Alio
387 2542 483 2578 modo
504 2554 547 2578 ex
569 2550 670 2589 parte
692 2543 825 2588 objecti
846 2543 1058 2586 voluntatis,
1085 2544 1182 2591 quod
1205 2552 1259 2579 est
1279 2544 1417 2579 bonum
1441 2544 1581 2578 ratione
1604 2555 1660 2591 ap-

82 2595 317 2642 prehensum,
343 2596 539 2643 impeditur
559 2597 657 2631 enim
680 2596 868 2642 judicium,
889 2605 926 2632 et
947 2598 1189 2644 apprehensio
1212 2598 1362 2633 rationis
1385 2606 1532 2644 propter
1554 2597 1660 2632 vehe-

83 2656 260 2692 mentem,
276 2649 571 2685 etinordinatam
594 2650 922 2697 apprehensionem
949 2651 1234 2698 imaginationis,
1261 2660 1296 2687 et
1317 2652 1492 2698 judicium
1518 2651 1659 2686 virtutis

72 2704 346 2747 aestimativae,
366 2712 406 2739 ut
423 2712 522 2751 patet
542 2704 577 2739 in
601 2704 815 2739 amentibus.
842 2704 1076 2740 Manifestum
1099 2714 1152 2741 est
1174 2713 1308 2748 autem,
1331 2705 1427 2752 quod
1450 2705 1658 2752 passionem

85 2758 263 2806 appetitus
288 2758 451 2794 sensitivi
476 2759 637 2806 sequitur
663 2758 935 2805 imaginationis
957 2759 1210 2806 apprehensio,
1233 2768 1268 2795 et
1292 2759 1467 2806 judicium
1496 2759 1661 2794 aestima-

58 2811 200 2855 ’ἀνίη
220 2812 315 2847 sicut
332 2813 444 2847 etiam
465 2812 744 2860 dispositionem
758 2811 904 2860 linguae
918 2813 1079 2860 sequitur
1099 2813 1273 2860 judicium
1293 2822 1437 2860 gustus;
1457 2812 1552 2848 unde
1566 2813 1661 2848 vide·

69 2875 180 2909 ·mus,
204 2865 303 2913 quod
328 2865 500 2901 homines
521 2865 557 2900 in
579 2865 699 2913 aliqua
722 2866 891 2912 passione
912 2867 1109 2903 existente·
1125 2878 1200 2902 non
1228 2866 1334 2902 facile
1357 2867 1658 2913 imaginationem

69 2926 252 2955 avertunt
268 2918 312 2954 ab
333 2916 402 2962 his,
416 2919 512 2954 circa
529 2930 622 2967 quae
638 2918 861 2963 afficiuntur3
879 2921 975 2956 unde
989 2932 1052 2967 per
1067 2932 1294 2968 consequens
1317 2921 1490 2967 judicium
1511 2921 1660 2956 rationis
