1875 3198
235 183 320 239 798
689 195 906 231 QUAESTIO
940 195 1009 224 cv.
1043 193 1286 224 ARTICULUS
1319 194 1363 222 11.

234 276 461 312 nifestaretur
480 276 733 318 homicidium,
756 275 890 310 animal
911 287 986 309 non
1008 275 1254 310 occideretur:
1278 275 1411 309 tertium
1432 281 1496 316 est,
1517 273 1601 320 quia
1620 272 1734 317 locus,
1754 274 1791 308 in

234 342 305 378 quo
328 331 560 365 occidebatur
580 330 702 372 vitula,
724 330 933 364 remanebat
953 329 1126 371 incultus;
1148 336 1184 362 et
1203 328 1286 362 ideo
1308 327 1352 361 ad
1371 327 1580 362 evitandum
1599 334 1792 374 utrumque

235 385 408 419 damnum
429 384 599 419 homines
622 383 774 417 civitatis
796 383 838 416 de
864 382 963 416 facili
984 381 1255 416 manifestarent
1279 381 1516 423 homicidam,
1537 381 1567 416 si
1587 381 1736 423 scirent;
1758 388 1793 415 et

232 449 313 472 raro
337 446 477 483 poterat
499 448 587 479 esse,
610 437 695 482 quin
719 436 837 481 aliqua
859 435 979 477 verba,
1001 434 1059 469 vel
1080 435 1212 468 indicia
1234 445 1339 481 super
1359 434 1430 468 hoc
1452 433 1546 468 facta
1573 441 1701 468 essent.
1722 433 1793 468 Vel

231 492 303 525 hoc
325 491 433 525 fiebat
454 491 497 525 ad
518 498 704 531 terrorem,
728 497 761 523 et
782 489 818 522 in
840 488 1117 522 detestationem
1137 488 1344 522 homicidii:
1359 499 1423 533 per
1443 487 1668 522 occisionem
1695 487 1793 521 enim

231 544 375 587 vitulae,
398 556 489 591 quae
513 552 565 579 est
587 542 721 577 animal
736 542 832 584 utile,
856 550 891 576 et
911 541 1119 576 fortitudine
1137 541 1298 588 plenum,
1316 541 1510 588 praecipue
1532 549 1727 587 antequam
1747 540 1795 574 la-

231 599 334 633 boret
355 599 418 632 sub
440 599 539 644 jugo,
558 596 838 641 significabatur,
854 596 950 641 quod
966 596 1184 642 quicumque
1202 595 1444 630 homicidium
1461 595 1615 641 fecisset,
1630 595 1794 641 quamvis

233 659 326 686 esset
347 650 454 693 utilis,
469 659 503 684 et
523 649 635 692 fortis,
652 648 870 684 occidendus
893 656 979 690 erat,
995 657 1029 683 et
1044 656 1160 683 morte
1183 648 1331 691 crudeli,
1345 648 1442 695 quod
1464 648 1614 683 cervicis
1632 648 1793 682 concisio

232 705 476 751 significabat;
499 712 533 738 et
555 703 651 750 quod
673 711 860 749 tamquam
881 702 973 745 vilis,
996 711 1031 737 et
1052 703 1211 749 abjectus
1227 713 1246 736 a
1261 703 1446 737 consortio
1463 702 1658 737 hominurn
1679 701 1795 736 exclu-

233 758 370 793 dendus
392 765 477 799 erat,
500 757 596 803 quod
619 756 887 802 significabatur
907 768 971 802 per
990 756 1074 798 hoc,
1097 756 1194 802 quod
1215 755 1327 790 vitula
1349 756 1471 791 occisa
1491 755 1527 790 in
1548 755 1632 790 loco
1655 766 1794 801 aspero,

234 820 268 846 et
289 810 425 845 inculto
453 810 719 856 relinquebatur
744 810 780 843 in
808 809 1035 856 putredinem
1062 809 1316 844 convertenda.
1338 809 1492 856 Mystice
1519 816 1639 844 autern
1661 820 1723 855 per
1743 810 1795 843 vi-

233 865 337 899 tulam
358 864 393 899 de
415 869 561 898 ammento
584 863 807 909 significatur
830 874 914 897 caro
938 863 1086 905 Christi,
1109 874 1200 909 quae
1226 874 1300 897 non
1326 864 1432 897 traxit
1451 863 1590 909 jugum,
1611 862 1695 909 quia
1719 873 1794 896 non

231 917 316 952 fecit
337 925 540 963 peccatum,
553 928 620 951 nec
644 922 767 952 terram
789 916 886 951 scidit
905 928 1049 959 vomere,
1065 916 1157 950 idest
1177 916 1364 950 seditionis
1385 915 1569 950 maculam
1589 926 1664 950 non
1686 915 1797 949 adrni-

233 971 288 1005 sit.
307 971 375 1004 Per
396 971 467 1004 hoc
491 979 611 1004 autern
634 970 730 1016 quod
752 971 787 1004 in
802 969 896 1004 valle
917 969 1054 1004 inculta
1076 968 1319 1012 occidebatur,
1338 968 1607 1015 significabatur
1627 969 1795 1015 despecta

234 1035 331 1058 mors
347 1024 494 1066 Christi,
514 1036 576 1070 per
597 1035 706 1070 quam
728 1031 927 1070 purgantur
949 1025 1073 1058 omnia
1094 1031 1255 1070 peccata,
1271 1030 1305 1058 et
1323 1022 1486 1058 diabolus
1508 1034 1586 1058 esse
1607 1022 1796 1058 homicidii

233 1085 359 1112 auctor
381 1077 590 1112 ostenditur.

789 1213 1134 1259 ARTICULUS
1169 1214 1249 1257 III.
1730 1221 1794 1270 562

297 1334 450 1365 UTRUM
471 1334 721 1377 JUDICIALIA
746 1335 999 1364 PRAECEPTA
1027 1335 1125 1365 SINT
1153 1334 1493 1365 CONVENIENTER
1519 1332 1715 1363 TRADITA

705 1400 922 1436 QUANTUM
949 1400 1007 1429 AD
1035 1400 1308 1430 EXTRANEOS.

302 1500 362 1534 AD
390 1510 561 1535 TERTIUM
582 1500 632 1534 sic
654 1499 870 1546 proceditur.
893 1499 1056 1542 Videtur,
1079 1500 1176 1546 quod
1197 1499 1380 1545 judicialia
1405 1506 1598 1546 praecepta
1625 1509 1699 1533 non
1726 1498 1796 1532 sint

233 1554 491 1588 convenienter
517 1553 645 1588 tradita
673 1561 848 1599 quantum
875 1553 919 1588 ad
947 1562 1154 1588 extraneos:
1178 1553 1264 1588 dicit
1286 1553 1383 1588 enim
1404 1553 1531 1587 Petrus
1553 1552 1635 1587 Act.
1662 1562 1733 1587 10.:
1755 1552 1796 1586 In

231 1610 368 1642 varitate
389 1609 544 1654 comperi,
568 1609 725 1654 quoniam
752 1619 817 1641 non
844 1612 887 1642 est
912 1612 1063 1654 acceptor
1083 1614 1304 1654 personarum
1326 1607 1438 1648 Deus5
1461 1605 1513 1641 sed
1532 1607 1567 1640 in
1594 1607 1685 1640 omni
1708 1610 1797 1652 genta

231 1663 288 1707 qui
314 1663 401 1696 timet
422 1662 545 1704 Deum,
575 1667 604 1696 et
625 1666 781 1707 operatur
803 1662 984 1707 justitiam,
1011 1665 1161 1707 acceptus
1186 1666 1231 1696 est
1257 1661 1328 1695 illi:
1350 1659 1414 1695 sed
1434 1659 1498 1702 illi,
1525 1659 1587 1706 qui
1612 1667 1695 1694 sunt
1714 1659 1796 1693 Deo

231 1716 380 1762 accepti,
399 1727 472 1749 non
487 1723 570 1750 sunt
584 1715 626 1748 ab
642 1714 806 1749 Ecclesia
820 1715 890 1749 Dei
909 1714 1142 1749 excludendi:
1165 1714 1465 1749 inconvenienter
1480 1713 1590 1760 igitur
1606 1713 1798 1747 mandatur

229 1768 376 1803 Denter.
400 1779 454 1815 23.
474 1768 571 1815 quod
593 1769 811 1811 Ammonitas,
834 1773 862 1803 et
885 1769 1045 1803 Moabitas
1066 1769 1166 1804 etiam
1187 1773 1264 1815 post
1283 1768 1445 1803 decimam
1465 1768 1710 1814 generationem
1731 1778 1798 1801 non

228 1823 403 1857 intrabunt
423 1824 458 1857 in
480 1823 659 1857 Ecclesiam
682 1823 827 1857 Domini
848 1824 882 1857 in
904 1827 1072 1857 aeternum
1087 1835 1096 1857 .·
1119 1833 1138 1856 e
1161 1822 1344 1857 contrario
1367 1829 1487 1856 autem
1510 1821 1644 1855 ibidem
1665 1821 1798 1868 praeci-

228 1875 322 1921 pitur
344 1876 386 1910 de
409 1875 623 1922 quibusdam
645 1876 828 1921 gentibus:
852 1877 930 1911 Non
946 1877 1192 1911 abominaberis
1212 1875 1419 1919 Idumaemn,
1434 1876 1513 1922 quia
1518 1875 1632 1922 frater
1649 1879 1723 1910 tuus
1739 1879 1795 1916 est,·

228 1941 284 1964 nec
306 1930 514 1976 Aegspfflun,
543 1931 621 1975 qnia
642 1929 770 1964 advena
783 1930 884 1976 suisti
904 1931 939 1964 in
962 1935 1050 1965 tarra
1071 1932 1149 1975 ejus.

302 1993 333 2017 2.
356 1983 592 2018 PRAETEREA.
620 1982 671 2017 Ea
694 1995 785 2029 quae
806 1995 880 2018 non
904 1991 986 2018 sunt
1008 1984 1043 2017 in
1065 1991 1243 2030 potestate
1269 1991 1406 2026 nostra,
1432 1993 1507 2018 non
1529 1989 1714 2018 merentur
1739 1980 1798 2015 ali-

230 2047 339 2082 quam
362 2048 538 2082 poenam:
562 2036 623 2071 sed
646 2037 742 2082 quod
764 2037 879 2071 homo
899 2037 944 2071 sit
963 2037 1164 2079 eunuchus,
1182 2036 1238 2071 vel
1256 2048 1298 2072 ex
1316 2044 1438 2071 scorto
1456 2044 1573 2079 natus,
1591 2046 1665 2070 non
1687 2043 1741 2070 est
1761 2035 1796 2069 in

230 2098 406 2136 potestate
429 2092 523 2136 ejus3
546 2101 633 2135 ergo
656 2091 954 2126 inconvenienter
981 2091 1172 2125 mandatur
1192 2090 1340 2126 Deuter.
1364 2100 1418 2138 23.
1447 2089 1544 2137 quod
1565 2089 1742 2132 eunuchus,
1769 2093 1798 2124 ct

229 2156 268 2179 ex
286 2149 394 2178 scorto
416 2149 511 2178 millis
531 2155 594 2182 non
617 2144 824 2189 ingrediatur
846 2145 1027 2180 Ecrlcsiam
1049 2146 1203 2179 Domini.

305 2209 332 2243 3.
360 2198 596 2233 anrrssmza.
617 2198 690 2232 Lex
712 2208 814 2234 vetus
842 2199 1124 2233 misericorditer
1145 2198 1342 2241 mandavit,
1370 2205 1408 2232 ut
1435 2197 1594 2233 advenae
1620 2208 1695 2232 non
1714 2195 1798 2230 affli-

231 2260 376 2297 gantur:
401 2252 529 2286 dicitur
550 2252 646 2286 enim
670 2252 781 2286 Exod.
804 2263 878 2288 22.:
903 2252 1079 2287 Adwmzm.
1102 2264 1166 2286 non
1185 2253 1408 2295 contristabis,
1430 2263 1530 2298 neque
1556 2251 1676 2299 affliges
1701 2263 1796 2286 cum:

230 2305 374 2340 adwmze
395 2307 479 2340 enim
501 2310 529 2340 et
551 2307 611 2351 ipsi
624 2306 737 2351 sitistis
760 2307 793 2339 in
810 2311 898 2340 terra
915 2306 1080 2353 Aegypt&
1104 2313 1139 2340 et
1161 2315 1235 2351 23.:
1258 2305 1437 2351 Pcrcgrino
1456 2305 1606 2340 molestus
1626 2316 1691 2339 non
1712 2305 1796 2338 cris:

228 2360 315 2393 scitis
335 2360 420 2393 cuim
443 2358 649 2393 advenarum
671 2360 812 2401 animos,
834 2361 911 2405 quia
931 2365 959 2394 ct
981 2361 1043 2406 ipsi
1064 2360 1236 2406 peregrini
1253 2359 1370 2405 fuistis
1396 2359 1430 2392 in
1457 2363 1546 2393 terra
1565 2358 1711 2404 Agypti:
1733 2356 1796 2391 sed

231 2412 273 2445 ad
289 2412 521 2447 afflictionem
537 2412 686 2458 alicujus
703 2413 854 2457 pertinet
869 2413 965 2459 quod
980 2413 1094 2447 usuris
1111 2412 1354 2458 opprimatur;
1374 2411 1673 2446 inconvenienter
1691 2411 1796 2458 igitur

229 2465 284 2499 lex
307 2466 468 2512 permisit
490 2466 636 2500 Denter.
661 2476 726 2511 23.:
753 2467 794 2500 U!
816 2467 930 2500 alicnis
952 2466 994 2500 ad
1016 2478 1149 2501 usuram
1166 2471 1339 2512 peccatum
1362 2470 1560 2500 mutuarent.
1839 2508 1841 2513 Ι

296 2529 328 2562 4.
352 2520 587 2554 Pmffriznm.
608 2519 722 2552 Multo
743 2520 858 2563 magis
874 2520 1162 2566 appropinquant
1176 2519 1279 2553 nobis
1298 2519 1479 2560 homines,
1499 2529 1607 2565 quam
1625 2518 1791 2553 arbores:

229 2573 289 2606 sed
312 2573 379 2614 his,
402 2585 492 2619 quae
516 2581 596 2606 sunt
618 2573 722 2605 nobis
745 2573 861 2617 magis
884 2573 1097 2619 propinqua,
1121 2573 1235 2617 magis
1259 2572 1432 2607 debemus
1456 2571 1639 2613 affectum,
1661 2579 1696 2606 ct
1717 2570 1798 2606 effe-

229 2635 326 2660 ctum
360 2626 562 2660 dilectionis
598 2626 817 2672 impendere,
845 2627 1044 2660 secundum
1068 2626 1154 2660 illud
1179 2626 1289 2661 Eccli.
1317 2637 1388 2672 13.:
1414 2628 1520 2661 Omne
1542 2626 1671 2660 animal
1689 2625 1796 2671 diligit

226 2681 330 2714 simile
355 2681 432 2721 sibi,
454 2681 497 2714 sic
523 2685 551 2714 tet
573 2681 677 2713 omnis
703 2680 798 2713 homo
821 2681 1016 2726 prm-inmun
1039 2682 1122 2716 silvi:
1154 2680 1451 2714 inconvenienter
1473 2679 1581 2725 igitur
1614 2678 1796 2713 Dominus

228 2733 374 2767 Denter.
399 2743 451 2767 20.
476 2732 670 2773 mandavit,
699 2732 794 2778 quod
817 2732 853 2767 dc
880 2734 1068 2768 civitatibus
1095 2734 1234 2768 hostium
1257 2733 1360 2780 caplis
1386 2744 1494 2768 omncs
1516 2732 1744 2779 interficerent,
1767 2737 1797 2767 ct

228 2792 335 2821 mmm
358 2787 703 2832 arboresfructiferas
725 2799 788 2820 1101!
810 2786 1022 2820 sortiarii-nt.

304 2851 330 2885 5.
359 2840 594 2875 Pnixizrssnm.
627 2840 769 2874 Bonum
798 2851 994 2874 commune
1025 2840 1225 2874 secundum
1253 2840 1423 2874 virtutem
1449 2846 1502 2875 est
1526 2838 1626 2874 bono
1653 2839 1795 2886 privato

228 2891 501 2938 praeferendum
525 2894 566 2927 ab
589 2904 826 2940 unoquoque:
846 2894 908 2928 sed
932 2893 965 2927 in
993 2893 1101 2935 bello,
1124 2893 1220 2940 quod
1244 2892 1484 2928 committitur
1509 2898 1636 2928 contra
1657 2891 1794 2934 hostes,
