1907 3198
489 170 713 207 QUAESTIO
747 172 867 204 XXXI.
902 174 1150 206 ARTICULUS
1184 176 1258 208 vn.
1577 182 1657 225 241

85 250 245 286 cundum
260 251 358 299 quod
373 253 618 289 condividitur
631 255 782 299 rationi;
803 256 946 292 scilicet
966 257 1014 300 id,
1037 258 1134 304 quod
1158 267 1211 294 est
1226 270 1424 296 commune
1446 262 1601 307 homini,
1628 273 1664 300 et

83 304 174 348 aliis,
196 306 390 352 praecipue
413 308 510 354 quod
532 308 665 344 rationi
679 321 754 345 non
777 310 916 346 obedit:
941 320 975 347 et
989 312 1194 348 secundum
1216 314 1289 349 hoc
1304 327 1359 358 ea,
1375 327 1467 363 quae
1482 318 1663 364 pertinent

82 358 127 394 ad
142 361 460 395 conservationem
476 363 653 409 corporis,
667 364 720 399 vel
737 365 940 400 secundum
957 366 1185 402 individuum
1201 369 1256 413 (ut
1270 369 1383 412 cibus,
1395 379 1514 417 potus,
1534 371 1661 416 lectus,

81 420 118 448 et
138 412 368 460 hujusmodi)
390 415 444 450 vel
465 417 667 452 secundum
691 419 852 466 speciem
874 419 984 465 (sicut
1009 432 1252 457 venereorum
1275 425 1377 470 usus)
1405 425 1572 462 dicuntur
1597 427 1662 463 ho-

81 466 171 501 mini
191 467 421 504 delectabilia
441 470 664 506 naturaliter.

151 520 364 557 Secundum
387 531 557 571 utrasque
581 533 703 560 autem
726 526 989 564 delectationes
1012 530 1192 577 contingit
1213 531 1352 579 aliquas
1375 544 1453 569 esse
1475 535 1660 572 innatura-

76 573 141 618 les,
159 575 372 624 simpliciter
404 576 603 624 loquendo,
625 580 687 614 sed
711 582 967 618 connaturales
989 585 1192 619 secundum
1219 586 1323 633 quid:
1352 589 1533 636 contingit
1559 591 1658 626 enim

75 627 113 663 in
134 628 258 677 aliquo
279 630 468 667 individuo
491 634 677 680 corrumpi
692 634 839 682 aliquod
859 637 1123 684 principiorum
1140 640 1362 676 naturalium
1381 644 1533 689 speciei:
1553 653 1588 679 et
1605 646 1656 681 sic

74 681 110 718 id
132 684 230 730 quod
252 693 305 720 est
324 693 450 720 contra
465 695 633 722 naturam
649 689 795 735 speciei,
810 689 887 725 fieri
901 702 964 738 per
978 692 1147 728 accidens
1165 695 1330 730 naturale
1345 696 1430 731 huic
1449 697 1654 735 individuo:

73 735 168 773 sicut
187 737 273 773 huIc
296 750 412 786 aquae
434 739 634 776 calefactae
656 751 710 777 est
731 744 907 788 naturale,
929 746 1027 792 quod
1047 746 1256 783 calefaciat:
1276 749 1326 784 ita
1340 750 1450 796 igitur
1464 753 1655 801 contingit,

73 791 171 837 quod
192 791 229 827 id
250 793 349 840 quod
371 802 425 829 est
455 803 582 830 contra
609 804 777 832 naturam
807 798 980 843 hominis,
1010 801 1069 836 vel
1096 811 1273 849 quantum
1301 804 1344 839 ad
1376 806 1569 850 rationem,
1595 809 1655 845 vel

71 853 249 893 quantum
271 847 316 882 ad
343 848 507 895 corporis
530 851 862 895 conservationem,
885 853 947 889 fiat
967 854 1052 890 huic
1075 856 1219 891 homini
1241 860 1479 895 connaturale
1505 871 1653 910 propter

71 899 233 947 aliquam
244 902 519 948 corruptionem
532 912 683 939 naturae
698 905 734 940 in
750 917 794 941 eo
810 908 1035 944 existentem.
1051 909 1157 952 Quae
1169 912 1317 959 quidem
1332 915 1518 962 corruptio
1533 926 1654 962 potest

70 965 161 998 esse,
181 954 240 990 vel
263 967 307 990 ex
327 964 429 1003 parte
452 958 629 1005 corporis,
644 959 739 994 sicut
760 972 802 995 ex
829 963 1075 1008 aegritudine3
1097 966 1149 1000 sic
1172 974 1210 1001 ut
1230 966 1516 1005 febricitantibus
1531 971 1652 1007 dulcia

68 1008 237 1044 videntur
264 1021 400 1053 amara,
428 1018 464 1046 et
494 1022 512 1046 e
544 1023 740 1049 converso:
774 1015 849 1050 sive
876 1025 1025 1064 propter
1051 1019 1189 1054 malam
1217 1021 1527 1069 complexionem,
1557 1026 1652 1061 sicut

69 1062 182 1110 aliqui
202 1062 431 1099 delectantur
450 1065 487 1099 in
510 1067 738 1103 comestione
759 1077 888 1113 terrae,
909 1071 968 1106 vel
991 1073 1204 1117 carbonum,
1226 1075 1285 1110 vel
1304 1075 1511 1124 aliquorum
1530 1079 1651 1126 hujus-

30 1118 37 1127 *
69 1116 189 1151 modi:
211 1116 272 1152 vel
293 1119 404 1153 etiam
427 1130 469 1154 ex
490 1128 591 1166 parte
614 1122 779 1166 animae;
802 1123 894 1159 sicut
915 1134 1064 1173 propter
1085 1130 1392 1166 consuetudinem
1419 1131 1530 1180 aliqui
1556 1134 1650 1170 dele-

67 1179 210 1207 ctantur
230 1172 268 1207 in
288 1173 518 1209 comedendo
540 1175 723 1220 homines,
745 1177 805 1212 vel
825 1178 861 1213 in
885 1180 983 1214 coitu
1004 1181 1215 1226 bestiarum,
1231 1193 1291 1219 aut
1306 1186 1568 1232 masculorum,
1587 1198 1649 1226 aut

66 1224 225 1261 aliorum
245 1226 469 1273 hujusmodi,
492 1240 584 1276 quae
606 1241 681 1265 non
703 1240 786 1266 sunt
811 1234 1014 1269 secundum
1032 1244 1201 1272 naturam
1222 1238 1438 1276 humanam.

133 1279 179 1316 Et
199 1291 263 1329 per
283 1281 356 1317 hoc
378 1290 477 1330 patet
497 1284 688 1331 responsio
713 1296 765 1320 AD
793 1297 972 1334 ossJEcTA.

599 1409 951 1457 ARTICULUS
977 1414 1101 1459 VIII.
1579 1435 1639 1470 181

130 1514 285 1546 UTRUM
311 1516 599 1549 DELECTATIO
627 1520 782 1553 POSSIT
808 1523 910 1553 ESSE
937 1525 1273 1558 DELECTATIONI
1303 1528 1570 1563 CONTRARIA.

129 1602 190 1639 AD
212 1614 403 1642 oc’rAthM
418 1606 469 1641 sic
491 1608 712 1654 proceditur.
728 1609 892 1655 Videtur,
915 1613 1013 1660 quod
1036 1613 1271 1651 delectationi
1292 1628 1367 1652 non
1386 1618 1431 1654 sit
1445 1619 1638 1657 delectatio

57 1659 257 1693 contraria:
285 1660 473 1706 passiones
495 1663 593 1697 enirn
624 1664 769 1700 animae
799 1667 973 1713 speciem,
1004 1676 1039 1703 et
1061 1671 1357 1707 contrarietatem
1384 1674 1563 1721 recipiunt
1588 1688 1640 1711 se-

57 1711 218 1747 cundum
246 1713 447 1761 objectum:
483 1716 669 1763 objectum
700 1728 823 1754 autem
853 1721 1107 1758 delectationis
1140 1733 1194 1760 est
1222 1725 1381 1770 bonum3
1416 1740 1500 1764 cum
1527 1730 1638 1776 igitur

54 1764 193 1801 bonum
211 1779 287 1802 non
309 1769 355 1804 sit
376 1771 601 1806 contrarium
631 1772 744 1817 bono,
766 1775 829 1810 sed
861 1776 999 1811 bonum
1028 1778 1127 1814 malo
1156 1782 1408 1826 contrarietur,
1436 1792 1471 1818 et
1497 1785 1636 1821 malum

51 1818 163 1864 bono,
185 1829 224 1856 ut
245 1821 375 1858 dicitur
395 1823 433 1858 in
454 1824 766 1864 Praedicamentis
788 1829 879 1878 (cap.
895 1831 931 1867 de
953 1832 1288 1881 Oppos.inpr1'nc.)‚
1311 1836 1453 1872 videtur
1466 1840 1564 1886 quod
1579 1841 1635 1876 de-

53 1873 200 1910 lectatio
221 1887 297 1911 non
319 1877 365 1912 sit
386 1880 569 1915 contraria
591 1880 839 1919 delectationi.

125 1939 156 1963 2.
187 1929 427 1968 PRAETEREA.
459 1933 535 1969 Uni
564 1943 618 1970 est
647 1939 872 1974 contrarium
902 1951 1029 1984 unum,
1060 1950 1099 1977 ut
1126 1943 1300 1990 probatur
1327 1945 1363 1980 in
1390 1957 1442 1982 10.
1469 1948 1631 1997 Metaph.

51 1980 129 2027 (tex.
150 1983 244 2030 17.).·
271 1985 334 2020 sed
356 1986 592 2024 delectationi
613 1992 797 2027 contraria
819 2001 873 2029 est
893 1994 1054 2039 tristitia;
1077 2008 1152 2032 non
1175 2009 1263 2045 ergo
1287 1999 1522 2038 delectationi
1549 2015 1633 2040 con-

49 2036 157 2072 traria
179 2045 233 2073 est
251 2038 456 2076 delectatio.

122 2102 152 2138 3.
174 2091 412 2131 PRAETEREA.
445 2096 485 2131 Si
514 2096 750 2136 delectationi
781 2104 963 2138 contraria
985 2113 1039 2140 est
1060 2105 1266 2151 delectatio,
1288 2109 1361 2145 hoc
1384 2122 1459 2146 non
1481 2121 1536 2148 est
1561 2115 1630 2150 nisi

47 2154 195 2193 propter
216 2150 514 2187 contrarietatem
533 2164 676 2197 eorum,
697 2155 735 2190 in
763 2157 892 2203 quibus
921 2158 1050 2206 aliquis
1077 2161 1295 2198 delectatur:
1323 2166 1385 2200 sed
1408 2166 1499 2202 haec
1528 2169 1628 2205 diffe-

46 2200 161 2235 rentia
181 2209 235 2236 est
255 2204 472 2240 materialis:
497 2209 736 2245 contrarietas
751 2219 874 2247 autern
894 2221 948 2249 est
961 2214 1165 2251 differentia
1177 2218 1380 2254 secundum
1402 2219 1574 2266 formam,
1590 2233 1628 2259 ut

46 2253 175 2290 dicitur
195 2255 233 2290 in
259 2267 310 2293 10.
333 2258 495 2308 Metaph.
521 2261 602 2306 (tax.
621 2275 664 2310 13.
680 2269 709 2299 et
729 2267 822 2312 14.),·
846 2278 935 2314 ergo
958 2270 1196 2306 contrarietas
1210 2283 1286 2307 non
1306 2281 1358 2309 est
1373 2275 1626 2314 delectationis

45 2307 90 2343 ad
110 2308 405 2348 delectationem.

116 2361 192 2399 SED
214 2374 383 2402 CONTRA.
406 2367 458 2403 Ea
473 2380 566 2416 quae
581 2381 618 2406 se
633 2371 837 2420 impediunt
851 2375 886 2410 in
907 2377 1038 2413 eodem
1054 2389 1188 2425 genere
1204 2380 1404 2426 existentia,
1421 2386 1623 2422 secundum

43 2412 179 2452 Philos.
204 2417 318 2466 (ibid.)
343 2426 421 2457 sunt
446 2426 642 2461 contraria:
673 2427 736 2462 sed
763 2430 944 2475 quaedam
972 2432 1234 2470 delectationes
1262 2447 1300 2471 se
1327 2437 1487 2474 invicem
1512 2441 1625 2488 impe-

42 2466 154 2514 diunt,
175 2479 214 2507 ut
234 2472 364 2509 dicitur
384 2475 420 2510 in
448 2487 499 2512 10.
527 2477 644 2514 Ethic.
667 2481 758 2529 (cap.
776 2495 805 2530 5.
829 2485 909 2520 circ.
936 2486 1057 2534 med.);
1087 2500 1174 2535 ergo
1203 2489 1346 2538 aliquae
1361 2492 1622 2532 delectationes

41 2531 124 2559 sunt
143 2528 357 2566 contrariae.

110 2577 342 2618 RESPONDEO
361 2583 570 2630 dicendum,
592 2589 690 2635 quod
713 2590 908 2628 delectatio
931 2594 966 2629 in
990 2595 1243 2633 affectionibus
1271 2600 1427 2644 animae,
1455 2603 1546 2638 sicut
1573 2605 1621 2639 di-

41 2637 139 2667 ctum
160 2642 214 2670 est
237 2635 316 2681 (art.
335 2649 367 2673 2.
390 2638 459 2686 huj.
482 2642 544 2687 q),
568 2645 867 2690 proportionatur
889 2649 1000 2695 quieti
1021 2650 1056 2685 in
1081 2653 1294 2698 corporibus
1313 2656 1555 2692 naturalibus:
1572 2659 1620 2694 di—

40 2693 168 2722 cuntur
189 2697 312 2725 autem
334 2691 426 2728 duae
448 2695 586 2741 quietes
609 2708 687 2732 esse
710 2702 926 2744 contrariae,
949 2715 1041 2750 quae
1064 2715 1146 2741 sunt
1168 2707 1203 2741 in
1227 2710 1418 2744 contrariis
1432 2713 1616 2757 terminis;

38 2737 130 2776 sicut
143 2743 244 2789 quies
259 2757 351 2792 quae
367 2755 421 2783 est
434 2760 590 2793 sursum,
606 2752 639 2786 ei
653 2765 745 2799 quae
761 2764 814 2790 est
829 2756 1013 2801 deorsum,
1030 2768 1068 2794 ut
1081 2760 1211 2796 dicitur
1226 2762 1260 2796 in
1282 2774 1308 2808 5.
1321 2763 1430 2811 Phys.
1444 2766 1614 2814 (lex.54.);

38 2793 132 2830 unde
153 2804 189 2832 et
208 2800 387 2848 contingit
407 2802 444 2837 in
467 2803 654 2841 affectibus
677 2808 822 2844 animae
844 2811 932 2846 duas
955 2813 1217 2851 delectationes
1237 2828 1314 2852 csse
1337 2821 1549 2856 contrarias.

107 2849 168 2886 AD
189 2861 339 2890 PRIMUM
361 2867 450 2903 ergo
473 2857 681 2903 dicendum,
703 2863 800 2909 quod
823 2865 976 2900 verbum
999 2867 1086 2903 illud
1108 2869 1327 2917 Philosophi
1346 2882 1398 2907 est
1413 2873 1614 2923 intelligen-

38 2897 135 2947 dum,
156 2907 356 2944 secundum
378 2911 476 2957 quod
498 2913 634 2958 bonum,
657 2923 691 2950 et
713 2917 839 2952 malum
862 2920 1038 2967 accipitur
1057 2922 1094 2957 in
1116 2924 1319 2969 virtutibus,
1342 2936 1376 2962 et
1394 2928 1508 2964 vitiis:
1525 2942 1611 2967 nam
