1875 3198
240 178 324 220 ’770
686 174 907 210 QUAESTIO
943 174 1015 204 CII.
1051 173 1296 203 ARTICULUS
1329 173 1385 202 VI.

309 257 485 304 Figuralis
501 266 622 292 autem
636 257 727 292 ratio
740 257 872 291 horum
889 264 952 298 est,
964 256 1046 302 quia
1062 267 1125 302 per
1139 255 1263 290 onmia
1276 253 1487 300 hujusmodi
1502 253 1673 288 animalia
1687 253 1806 300 prohi-

237 313 310 346 bita
332 312 565 358 designantur
588 310 707 357 aliqua
728 318 888 357 peccata,
911 310 947 343 in
973 321 1130 355 quorum
1152 308 1266 355 figura
1292 307 1354 342 illa
1376 307 1546 342 animalia
1568 307 1806 354 prohibeban-

238 374 313 408 tur3
336 365 430 400 unde
452 365 538 399 dicit
559 365 712 410 August.
735 364 771 397 in
793 363 852 398 lib.
867 362 899 398 6.
916 371 1042 397 contra
1063 362 1182 396 Faust.
1206 362 1297 409 (cap.
1313 372 1342 408 7.
1357 361 1571 408 ci7·.pr·inc.):
1587 360 1672 396 Side
1686 367 1806 407 porco,

237 425 267 454 et
287 431 372 465 agno
394 420 595 465 requiratur,
625 424 800 463 utrumque
822 422 946 452 natura
966 415 1126 451 muudum
1150 421 1214 456 est;
1238 416 1317 461 quia
1343 417 1447 450 omnis
1469 420 1624 450 creatura
1639 415 1706 449 Dei
1722 415 1807 449 bona

238 479 295 508 est.-
312 473 454 519 quadam
478 484 554 507 vero
580 472 818 517 significatione
840 482 942 516 ugnus
970 469 1120 511 mzmdus,
1138 476 1259 516 porcus
1282 468 1469 503 Jmmmzdus
1490 473 1552 509 est;
1582 473 1753 514 tamquam
1780 469 1808 502 si

237 527 383 569 stultum,
406 532 435 561 ct
455 528 632 573 supieutwn
656 525 789 560 differes:
810 530 986 570 utrumque
1009 525 1066 558 hoc
1087 525 1227 558 verbum
1250 528 1374 558 natura
1395 524 1496 566 vonis,
1525 528 1554 558 et
1575 523 1761 564 literarum,
1777 527 1805 557 et

238 581 452 628 sylluluzrzuu,
465 592 503 615 ex
518 581 634 626 quibus
652 584 787 621 constat,
808 578 966 612 mzuulum
986 583 1041 617 ask
1061 578 1299 623 significatione
1321 582 1430 612 autem
1448 589 1550 611 uuum
1578 581 1621 611 est
1635 576 1807 619 muudum,

238 640 266 670 ct
288 634 378 669 aliud
399 633 619 668 immuudmu.
636 632 785 667 Animal
805 632 914 674 enim,
937 631 1033 678 quod
1056 631 1225 673 ruminat,
1245 638 1280 665 et
1297 630 1473 676 ungulam
1494 630 1607 672 findit,
1630 629 1808 663 mundum

240 697 292 723 est
314 688 599 734 significatione,
622 687 704 732 quia
718 687 809 733 fissio
838 686 980 731 ungium
1010 684 1189 731 significat
1220 684 1490 718 distinctionem
1521 684 1677 718 duorum
1706 691 1810 717 testa-

240 750 460 784 mentorum,
481 740 540 775 vel
560 741 688 782 Patris,
712 749 746 775 et
767 740 858 782 Filii,
882 739 940 774 vel
962 740 1114 773 duarum
1135 746 1347 773 naturarum
1364 738 1401 772 in
1421 738 1581 780 Christo,
1603 737 1660 772 vel
1682 736 1809 771 discre-

239 796 377 831 tionem
398 795 496 837 boni,
513 803 546 829 et
559 794 662 828 mali:
687 795 869 828 ruminatio
890 801 1011 827 autem
1031 792 1211 839 significat
1232 791 1508 826 meditationem
1530 791 1809 837 Scripturarum,

240 858 274 884 et
295 861 423 884 sanum
447 848 673 883 intellectum
696 859 832 882 earum.
854 847 1084 893 Cuicumque
1108 854 1229 880 autem
1252 846 1386 880 horum
1409 845 1562 880 alterum
1584 845 1694 887 deest,
1713 844 1811 890 spiri-

238 904 382 939 tualiter
403 902 613 937 immundus
635 910 698 937 est.
722 901 897 936 Similiter
920 901 1030 935 etiarn
1052 900 1088 934 in
1104 900 1260 947 piscibus
1279 899 1343 942 illi,
1362 899 1423 946 qui
1436 899 1573 933 habent
1586 909 1809 945 squammas,

240 966 274 992 et
295 957 473 1004 pinnulas,
496 956 760 1003 significatione
784 955 909 990 mundi
931 963 1030 990 sunt:
1054 955 1137 1001 quia
1158 966 1222 1000 per
1237 954 1397 1001 pinnulas
1419 953 1642 999 significatur
1662 953 1735 987 vita
1756 964 1812 987 su-

239 1011 372 1053 blimis,
394 1010 452 1045 vel
475 1009 756 1056 contemplatio,
779 1021 842 1056 per
862 1020 1052 1055 squammas
1075 1016 1195 1042 autem
1218 1007 1441 1054 significatur
1467 1018 1594 1054 aspera
1613 1006 1703 1041 vita:
1726 1017 1811 1052 quo-

240 1077 320 1099 rum
342 1073 534 1110 utrumque
556 1064 803 1099 necessarium
831 1071 883 1097 est
910 1063 954 1097 ad
982 1062 1199 1097 munditiam
1222 1061 1465 1108 spiritualem:
1483 1061 1521 1095 in
1543 1061 1667 1096 avibus
1689 1069 1811 1095 autem

241 1118 411 1166 specialia
434 1118 613 1165 quaedam
636 1129 770 1164 genera
791 1117 1046 1164 prohibentur:
1070 1116 1107 1150 in
1121 1116 1235 1162 aquila
1250 1115 1360 1158 enim,
1375 1127 1467 1162 quae
1484 1114 1554 1150 alte
1568 1114 1678 1157 volat,
1693 1113 1813 1161 prohi-

239 1174 341 1207 betur
363 1172 544 1219 superbia:
567 1172 603 1205 in
623 1172 747 1218 grypha
769 1179 903 1212 autem,
926 1170 987 1216 qui
1009 1170 1121 1216 equis,
1144 1177 1179 1204 et
1199 1169 1409 1203 hominibus
1430 1168 1580 1204 infestus
1602 1176 1667 1210 est,
1690 1167 1812 1203 crude-

239 1227 319 1261 litas
346 1226 549 1273 potentium
570 1225 799 1272 prohibetur:
823 1225 859 1258 in
886 1225 1049 1270 lmlyoeeto
1074 1231 1207 1266 autem,
1239 1223 1300 1269 qui
1321 1222 1478 1269 pascitur
1499 1222 1647 1257 minutis
1675 1221 1810 1264 avibus,

239 1280 487 1326 significantur
507 1279 570 1322 illi,
593 1279 654 1325 qui
675 1286 758 1313 sunt
784 1278 999 1324 pauperibus
1023 1277 1183 1311 molesti:
1207 1277 1243 1311 in
1270 1277 1374 1311 milvo
1403 1284 1537 1319 autern,
1565 1276 1627 1323 qui
1651 1275 1810 1309 maxime

238 1334 374 1369 insidiis
392 1335 512 1375 utitur,
536 1333 769 1379 designantur
790 1331 1026 1366 fraudolenti:
1050 1331 1085 1365 in
1106 1331 1239 1366 vulture
1262 1338 1395 1372 autem,
1415 1330 1476 1377 qui
1497 1329 1658 1376 sequitur
1680 1328 1813 1364 exerci-

214 1432 217 1438 .
239 1398 329 1431 tum,
352 1396 544 1435 expectans
568 1387 760 1422 comedere
777 1386 953 1420 cadavera
975 1393 1218 1428 mortuorum,
1240 1385 1488 1431 significantur
1509 1383 1572 1426 illi,
1584 1384 1645 1430 qui
1663 1391 1811 1426 mortes,

245 1451 279 1478 et
301 1442 497 1477 seditiones
520 1441 713 1476 hominum
733 1439 913 1482 affectant,
936 1447 975 1474 ut
995 1439 1077 1474 inde
1099 1439 1299 1473 lucrentur:
1322 1450 1385 1486 per
1411 1438 1577 1473 animalia
1598 1439 1730 1473 corvini
1756 1448 1813 1483 ge-

240 1496 334 1531 neris
357 1495 606 1542 significantur
627 1494 690 1537 illi,
713 1494 774 1541 qui
795 1501 878 1528 sunt
898 1493 1143 1540 voluptatibus
1165 1492 1354 1539 denigrati,
1375 1491 1434 1527 vel
1460 1492 1522 1539 qui
1547 1499 1630 1526 sunt
1651 1499 1812 1538 expertes

241 1551 360 1584 bonae
383 1549 600 1584 affectionis:
624 1549 707 1595 quia
731 1559 860 1582 corvus
883 1547 997 1582 semel
1024 1547 1176 1581 emissus
1199 1547 1242 1581 ab
1265 1558 1347 1581 arca
1374 1557 1448 1581 non
1470 1554 1524 1581 est
1545 1556 1727 1580 reversus:
1750 1555 1813 1591 per

238 1604 469 1645 struthionem,
493 1603 653 1649 quicum
675 1602 720 1636 sit
742 1602 828 1645 avis,
843 1601 967 1636 volare
988 1613 1063 1635 non
1085 1608 1214 1647 potest,
1229 1600 1291 1635 sed
1311 1611 1454 1646 semper
1475 1607 1528 1634 est
1550 1599 1647 1633 circa
1667 1606 1813 1640 terram,

241 1657 489 1704 significantur
515 1657 596 1691 Deo
625 1656 832 1698 militantes,
860 1663 894 1689 et
920 1667 957 1689 se
985 1654 1142 1701 negotiis
1169 1653 1412 1688 saecularibus
1438 1652 1685 1700 implicantes:
1712 1653 1815 1698 nycti-

240 1723 355 1754 corax,
379 1722 470 1757 quae
492 1718 601 1744 nocte
624 1709 718 1744 acuti
741 1717 794 1743 est
815 1709 923 1751 visus,
946 1709 982 1742 in
1005 1708 1061 1742 die
1085 1716 1206 1742 autem
1225 1719 1299 1742 non
1320 1707 1429 1750 videt,
1451 1706 1632 1753 significat
1653 1717 1728 1749 eos,
1751 1706 1812 1752 qui

240 1765 276 1799 in
298 1764 559 1811 temporalibus
581 1771 664 1798 sunt
678 1763 796 1805 astuti,
812 1762 847 1796 in
863 1761 1106 1809 spiritualibus
1128 1762 1294 1797 hebetes:
1317 1762 1408 1796 larus
1431 1768 1564 1804 autem,
1579 1760 1641 1807 qui
1660 1767 1694 1795 et
1713 1759 1815 1794 volat

240 1819 277 1853 in
300 1822 394 1861 aere,
416 1826 450 1852 et
471 1826 571 1852 natat
592 1818 628 1851 in
651 1829 755 1864 aqua,
770 1816 950 1861 significat
970 1827 1044 1859 eos,
1060 1815 1121 1862 qui
1140 1823 1174 1850 et
1193 1815 1524 1857 circumcisionem,
1543 1822 1578 1849 et
1594 1814 1815 1860 baptismum

239 1880 474 1915 venerantum
496 1871 554 1906 vel
576 1871 756 1918 significat
778 1882 852 1912 eos,
875 1870 936 1916 qui
958 1882 1020 1916 per
1043 1869 1394 1916 contemplationem
1411 1868 1537 1903 volare
1555 1867 1693 1910 volunt,
1713 1875 1749 1902 et
1768 1875 1817 1902 ta-

241 1938 325 1961 men
351 1926 477 1960 vivunt
496 1926 533 1960 in
557 1926 658 1972 aquis
684 1924 934 1971 voluptatum3
957 1925 1116 1971 accipiter
1140 1935 1239 1966 vero,
1268 1923 1329 1970 qui
1355 1923 1510 1958 deservit
1535 1921 1745 1957 hominibus
1771 1921 1815 1956 ad

240 1980 425 2027 praedam,
440 1979 618 2025 significat
635 1990 709 2021 eos,
725 1979 786 2025 qui
801 1978 1007 2012 ministrant
1029 1977 1235 2024 potentibus
1250 1977 1294 2011 ad
1314 1976 1609 2024 depraedandum
1627 1986 1816 2022 pauperes:

241 2046 303 2081 per
326 2035 499 2077 bubonam,
522 2033 583 2080 qui
605 2035 639 2067 in
667 2040 774 2067 nocte
797 2032 934 2067 victum
961 2032 1111 2078 quaerit,
1139 2031 1183 2066 de
1210 2031 1267 2065 die
1295 2039 1416 2065 autem
1443 2030 1541 2073 latet,
1569 2028 1817 2076 significantur

240 2088 426 2130 luxuriosi,
449 2087 508 2134 qui
531 2086 707 2121 occultari
727 2093 903 2133 quaerunt
917 2086 953 2120 in
972 2085 1157 2120 nocturnis
1180 2085 1360 2132 operibus,
1383 2096 1475 2131 quae
1499 2091 1629 2130 agunt:
1651 2083 1817 2129 mergulus

243 2150 377 2184 autem,
400 2142 500 2187 cujus
527 2149 654 2175 natura
677 2149 740 2183 est,
763 2148 801 2174 ut
822 2140 886 2174 sub
910 2140 1014 2174 undis
1041 2139 1173 2174 diutius
1195 2139 1422 2181 immoretur,
1448 2137 1628 2184 significat
1654 2136 1816 2183 gulosos,

243 2196 303 2242 qui
324 2196 360 2229 in
383 2195 484 2242 aquis
506 2194 720 2229 deliciarum
747 2205 784 2228 se
813 2194 1052 2239 immergunt:
1076 2195 1137 2228 ibis
1157 2204 1245 2227 vero
1267 2192 1343 2227 avis
1373 2200 1426 2227 est
1454 2192 1491 2227 in
1521 2191 1657 2234 Africa,
1679 2191 1816 2226 habens

242 2249 396 2295 longum
417 2256 587 2290 rostrum,
610 2259 702 2294 quae
725 2247 950 2294 serpentibus
977 2247 1146 2294 pascitur,
1170 2255 1204 2281 et
1230 2246 1321 2281 forte
1349 2254 1402 2281 est
1427 2245 1524 2280 idem
1546 2245 1643 2292 quod
1666 2246 1814 2286 ciconia;

244 2311 279 2338 et
300 2302 479 2349 significat
499 2302 654 2344 invidos,
676 2301 737 2348 qui
760 2301 803 2335 de
826 2301 931 2336 malis
954 2301 1110 2335 aliorum
1139 2300 1241 2347 quasi
1267 2299 1310 2334 de
1344 2299 1566 2346 serpentibus
1588 2298 1816 2334 reficiuntur:

244 2370 361 2404 cycnus
384 2364 503 2391 autem
528 2363 581 2390 est
603 2355 737 2390 coloris
760 2355 915 2397 candidi,
939 2363 973 2389 et
995 2354 1147 2399 longum
1171 2353 1308 2388 collum
1331 2354 1450 2396 habet,
1472 2364 1535 2400 per
1556 2352 1654 2399 quod
1677 2363 1719 2387 ex
1739 2363 1819 2399 pro-

243 2412 418 2446 funditate
431 2419 559 2452 terrae,
577 2409 636 2444 vel
650 2421 742 2456 quae
766 2409 887 2443 cibum
905 2409 1033 2451 trahit3
1056 2417 1090 2443 et
1112 2416 1231 2455 potest
1251 2407 1454 2454 significare
1476 2407 1658 2449 homines,
1677 2406 1738 2452 qui
1755 2417 1818 2453 per

245 2466 460 2500 exteriorem
482 2464 638 2511 justitiae
660 2463 857 2497 candorem
881 2462 982 2497 lucra
1000 2470 1141 2497 terrena
1157 2469 1350 2508 quaerunt:
1371 2460 1580 2496 onocrotalus
1602 2467 1724 2494 autem
1743 2459 1818 2494 avis

245 2527 298 2554 est
319 2521 354 2553 in
376 2519 535 2566 partibus
559 2517 721 2553 Orientis
743 2516 856 2561 longo
880 2525 1009 2558 rostro,
1032 2527 1124 2563 quae
1146 2516 1182 2549 in
1208 2515 1371 2549 faucibus
1398 2515 1506 2549 habet
1527 2513 1706 2560 quosdam
1729 2512 1819 2548 folli-

246 2572 359 2614 culos,
381 2573 417 2606 in
440 2572 568 2618 quibus
595 2571 714 2618 primo
742 2571 863 2604 cibum
890 2570 1043 2616 reponit,
1071 2578 1106 2604 et
1131 2577 1213 2616 post
1238 2569 1369 2603 horam
1393 2569 1427 2603 iu
1449 2576 1614 2603 ventrem
1637 2567 1760 2609 mittit;
1784 2573 1819 2601 et

246 2626 426 2671 significat
452 2637 592 2668 avaros,
615 2625 676 2672 qui
708 2624 950 2658 immoderata
977 2623 1207 2657 solicitudine
1229 2622 1433 2657 necessaria
1455 2622 1550 2656 vitae
1573 2628 1816 2666 congregant:

242 2681 424 2727 porphyrio
448 2688 569 2714 autem
585 2687 725 2726 praeter
742 2678 893 2712 modum
910 2677 1061 2711 aliarum
1082 2678 1203 2711 avium
1227 2677 1335 2711 habet
1355 2687 1466 2710 unum
1488 2675 1618 2722 pedem
1641 2674 1755 2708 latum
1774 2673 1816 2708 ad

247 2734 458 2776 natandum,
482 2734 577 2768 aliud
602 2733 723 2767 [issum
748 2733 791 2767 ad
815 2732 1095 2774 ambulandum3
1118 2732 1202 2778 quia
1225 2739 1259 2766 et
1281 2731 1315 2765 in
1339 2742 1431 2777 aqua
1452 2737 1563 2772 natat,
1585 2737 1623 2763 ut
1639 2733 1764 2769 αηιιίιςς
1784 2735 1819 2762 et

248 2789 283 2823 in
305 2797 399 2823 terra
421 2787 593 2830 ambulat,
608 2787 822 2834 utperdiccs‚·
847 2794 881 2820 et
903 2786 980 2820 sola
1004 2786 1125 2819 avium
1148 2796 1273 2819 morsu
1295 2785 1394 2826 bibit,
1413 2794 1562 2818 omnem
1585 2782 1706 2817 cibum
1725 2793 1818 2828 aqua

248 2843 408 2887 tingens;
431 2850 465 2876 et
486 2841 665 2887 significat
687 2852 761 2883 eos,
789 2840 849 2887 qui
875 2839 965 2873 nihil
993 2840 1034 2873 ad
1064 2839 1208 2873 alterius
1237 2838 1423 2872 arbitrium
1450 2836 1568 2871 facere
1591 2835 1730 2878 volunt,
1756 2835 1816 2870 sed

250 2896 369 2930 solum
392 2896 488 2942 quod
511 2895 616 2930 suerit
637 2895 790 2929 tinctum
814 2905 904 2940 aqua
928 2893 1093 2940 propriae
1109 2892 1323 2927 voluntatis:
1347 2903 1410 2938 per
1431 2890 1651 2933 lam-ode'onem,
1667 2889 1727 2936 qui
1741 2888 1817 2923 vul-
