<?xml version="1.0" encoding="UTF-8"?>
<!DOCTYPE html PUBLIC "-//W3C//DTD XHTML 1.0 Transitional//EN"
    "http://www.w3.org/TR/xhtml1/DTD/xhtml1-transitional.dtd">
<html xmlns="http://www.w3.org/1999/xhtml" xml:lang="en" lang="en">
 <head>
  <title>
</title>
<meta http-equiv="Content-Type" content="text/html;charset=utf-8" />
  <meta name='ocr-system' content='tesseract 3.04.00' />
  <meta name='ocr-capabilities' content='ocr_page ocr_carea ocr_par ocr_line ocrx_word'/>
</head>
<body>
  <div class='ocr_page' id='page_1' title='image "./divithomaeaquina02thomuoft_0784.png"; bbox 0 0 1875 3198; ppageno 0'>
   <div class='ocr_carea' id='block_1_1' title="bbox 241 151 1382 205">
    <p class='ocr_par' dir='ltr' id='par_1_1' title="bbox 241 151 1382 205">
     <span class='ocr_line' id='line_1_1' title="bbox 241 151 1382 205; baseline 0.003 -13"><span class='ocrx_word' id='word_1_1' title='bbox 241 151 326 205; x_wconf 79' lang='grc'>’780</span> <span class='ocrx_word' id='word_1_2' title='bbox 662 163 883 199; x_wconf 89' lang='lat' dir='ltr'>QUAESTIO</span> <span class='ocrx_word' id='word_1_3' title='bbox 919 165 1007 194; x_wconf 89' lang='lat' dir='ltr'>CIII.</span> <span class='ocrx_word' id='word_1_4' title='bbox 1043 164 1290 195; x_wconf 87' lang='lat' dir='ltr'>ARTICULUS</span> <span class='ocrx_word' id='word_1_5' title='bbox 1323 166 1382 195; x_wconf 92' lang='lat' dir='ltr'>III.</span> 
     </span>
    </p>
   </div>
   <div class='ocr_carea' id='block_1_2' title="bbox 241 242 1807 292">
    <p class='ocr_par' dir='ltr' id='par_1_2' title="bbox 241 242 1807 292">
     <span class='ocr_line' id='line_1_2' title="bbox 241 242 1807 292; baseline 0.004 -14"><span class='ocrx_word' id='word_1_6' title='bbox 241 255 336 278; x_wconf 88' lang='lat' dir='ltr'>rum:</span> <span class='ocrx_word' id='word_1_7' title='bbox 360 244 452 279; x_wconf 87' lang='lat' dir='ltr'>festo</span> <span class='ocrx_word' id='word_1_8' title='bbox 481 245 789 280; x_wconf 70' lang='lat' dir='ltr'>Tabernacaloram</span> <span class='ocrx_word' id='word_1_9' title='bbox 816 246 977 280; x_wconf 79' lang='lat' dir='ltr'><strong>succedit</strong></span> <span class='ocrx_word' id='word_1_10' title='bbox 1003 246 1134 281; x_wconf 88' lang='lat' dir='ltr'>festum</span> <span class='ocrx_word' id='word_1_11' title='bbox 1163 247 1460 282; x_wconf 88' lang='lat' dir='ltr'>Consecrationis</span> <span class='ocrx_word' id='word_1_12' title='bbox 1486 248 1690 292; x_wconf 88' lang='lat' dir='ltr'>Ecclesiae;</span> <span class='ocrx_word' id='word_1_13' title='bbox 1716 242 1807 284; x_wconf 76' lang='lat' dir='ltr'>festo</span> 
     </span>
    </p>
   </div>
   <div class='ocr_carea' id='block_1_3' title="bbox 242 298 1806 386">
    <p class='ocr_par' dir='ltr' id='par_1_3' title="bbox 242 298 1806 386">
     <span class='ocr_line' id='line_1_3' title="bbox 243 298 1806 346; baseline 0.003 -14"><span class='ocrx_word' id='word_1_14' title='bbox 243 298 373 341; x_wconf 72' lang='lat' dir='ltr'>Caelus,</span> <span class='ocrx_word' id='word_1_15' title='bbox 390 306 495 344; x_wconf 89' lang='lat' dir='ltr'>atque</span> <span class='ocrx_word' id='word_1_16' title='bbox 512 298 674 334; x_wconf 57' lang='lat' dir='ltr'>collectae</span> <span class='ocrx_word' id='word_1_17' title='bbox 696 299 856 333; x_wconf 81' lang='lat' dir='ltr'><strong>succedit</strong></span> <span class='ocrx_word' id='word_1_18' title='bbox 874 299 1005 334; x_wconf 83' lang='lat' dir='ltr'>festum</span> <span class='ocrx_word' id='word_1_19' title='bbox 1025 299 1334 346; x_wconf 84' lang='lat' dir='ltr'>Angelorum,vel</span> <span class='ocrx_word' id='word_1_20' title='bbox 1353 301 1463 336; x_wconf 91' lang='lat' dir='ltr'>etiam</span> <span class='ocrx_word' id='word_1_21' title='bbox 1480 301 1612 337; x_wconf 87' lang='lat' dir='ltr'>festum</span> <span class='ocrx_word' id='word_1_22' title='bbox 1629 303 1806 338; x_wconf 80' lang='lat' dir='ltr'>Omnium</span> 
     </span>
     <span class='ocr_line' id='line_1_4' title="bbox 242 352 473 386; baseline 0 -1"><span class='ocrx_word' id='word_1_23' title='bbox 242 352 473 386; x_wconf 87' lang='lat' dir='ltr'>Sanctorum.</span> 
     </span>
    </p>
   </div>
   <div class='ocr_carea' id='block_1_4' title="bbox 794 483 1806 543">
    <p class='ocr_par' dir='ltr' id='par_1_4' title="bbox 794 483 1806 543">
     <span class='ocr_line' id='line_1_5' title="bbox 794 483 1806 543; baseline 0.003 -17"><span class='ocrx_word' id='word_1_24' title='bbox 794 483 1139 528; x_wconf 81' lang='lat' dir='ltr'><strong>ARTICULUS</strong></span> <span class='ocrx_word' id='word_1_25' title='bbox 1175 485 1251 528; x_wconf 85' lang='lat' dir='ltr'>IV.</span> <span class='ocrx_word' id='word_1_26' title='bbox 1746 509 1806 543; x_wconf 93' lang='grc'>555</span> 
     </span>
    </p>
   </div>
   <div class='ocr_carea' id='block_1_5' title="bbox 326 591 1721 688">
    <p class='ocr_par' dir='ltr' id='par_1_5' title="bbox 326 591 1721 688">
     <span class='ocr_line' id='line_1_6' title="bbox 326 591 1721 624; baseline 0.002 -5"><span class='ocrx_word' id='word_1_27' title='bbox 326 591 477 620; x_wconf 88' lang='lat' dir='ltr'>UTRUM</span> <span class='ocrx_word' id='word_1_28' title='bbox 504 591 615 620; x_wconf 89' lang='lat' dir='ltr'>POST</span> <span class='ocrx_word' id='word_1_29' title='bbox 642 591 885 622; x_wconf 87' lang='lat' dir='ltr'>PASSIONEM</span> <span class='ocrx_word' id='word_1_30' title='bbox 913 592 1086 622; x_wconf 84' lang='lat' dir='ltr'>CHRISTI</span> <span class='ocrx_word' id='word_1_31' title='bbox 1114 592 1303 622; x_wconf 88' lang='lat' dir='ltr'>LEGALIA</span> <span class='ocrx_word' id='word_1_32' title='bbox 1334 593 1516 624; x_wconf 90' lang='lat' dir='ltr'>POSSINT</span> <span class='ocrx_word' id='word_1_33' title='bbox 1545 593 1721 624; x_wconf 89' lang='lat' dir='ltr'>SERVARI</span> 
     </span>
     <span class='ocr_line' id='line_1_7' title="bbox 741 657 1316 688; baseline 0 -2"><span class='ocrx_word' id='word_1_34' title='bbox 741 657 836 687; x_wconf 89' lang='lat' dir='ltr'>SINE</span> <span class='ocrx_word' id='word_1_35' title='bbox 868 658 1071 687; x_wconf 90' lang='lat' dir='ltr'>PECCATO</span> <span class='ocrx_word' id='word_1_36' title='bbox 1106 658 1316 688; x_wconf 92' lang='lat' dir='ltr'>MORTALI.</span> 
     </span>
    </p>
   </div>
   <div class='ocr_carea' id='block_1_6' title="bbox 243 743 1808 846">
    <p class='ocr_par' dir='ltr' id='par_1_6' title="bbox 243 743 1808 846">
     <span class='ocr_line' id='line_1_8' title="bbox 243 743 1808 793; baseline 0.001 -16"><span class='ocrx_word' id='word_1_37' title='bbox 243 743 344 790; x_wconf 77' lang='lat' dir='ltr'>(Infr.</span> <span class='ocrx_word' id='word_1_38' title='bbox 364 755 393 789; x_wconf 81' lang='lat' dir='ltr'>q.</span> <span class='ocrx_word' id='word_1_39' title='bbox 410 753 484 788; x_wconf 79' lang='lat'>104.</span> <span class='ocrx_word' id='word_1_40' title='bbox 497 749 561 778; x_wconf 85' lang='lat' dir='ltr'>art.</span> <span class='ocrx_word' id='word_1_41' title='bbox 573 755 601 790; x_wconf 82' lang='lat'>3.</span> <span class='ocrx_word' id='word_1_42' title='bbox 619 750 710 790; x_wconf 80' lang='lat' dir='ltr'>corp.</span> <span class='ocrx_word' id='word_1_43' title='bbox 726 749 754 779; x_wconf 79' lang='lat' dir='ltr'>et</span> <span class='ocrx_word' id='word_1_44' title='bbox 766 756 831 779; x_wconf 83' lang='lat'>2-2.</span> <span class='ocrx_word' id='word_1_45' title='bbox 847 756 878 791; x_wconf 83' lang='lat' dir='ltr'>q.</span> <span class='ocrx_word' id='word_1_46' title='bbox 891 746 946 791; x_wconf 82' lang='grc'>87.</span> <span class='ocrx_word' id='word_1_47' title='bbox 961 750 1025 780; x_wconf 85' lang='lat' dir='ltr'>art.</span> <span class='ocrx_word' id='word_1_48' title='bbox 1040 758 1068 780; x_wconf 85' lang='lat'>1.</span> <span class='ocrx_word' id='word_1_49' title='bbox 1083 752 1173 792; x_wconf 80' lang='lat' dir='ltr'>corp.</span> <span class='ocrx_word' id='word_1_50' title='bbox 1189 751 1218 780; x_wconf 77' lang='lat' dir='ltr'>et</span> <span class='ocrx_word' id='word_1_51' title='bbox 1231 757 1260 792; x_wconf 82' lang='lat' dir='ltr'>q.</span> <span class='ocrx_word' id='word_1_52' title='bbox 1277 757 1323 792; x_wconf 81' lang='lat'>93.</span> <span class='ocrx_word' id='word_1_53' title='bbox 1339 750 1403 780; x_wconf 84' lang='lat' dir='ltr'>art.</span> <span class='ocrx_word' id='word_1_54' title='bbox 1418 751 1483 781; x_wconf 62' lang='lat' dir='ltr'>,net</span> <span class='ocrx_word' id='word_1_55' title='bbox 1497 757 1526 792; x_wconf 87' lang='lat' dir='ltr'>q.</span> <span class='ocrx_word' id='word_1_56' title='bbox 1539 757 1594 793; x_wconf 85' lang='lat'>94.</span> <span class='ocrx_word' id='word_1_57' title='bbox 1606 751 1669 781; x_wconf 83' lang='lat' dir='ltr'>art.</span> <span class='ocrx_word' id='word_1_58' title='bbox 1682 758 1710 792; x_wconf 82' lang='lat'>3.</span> <span class='ocrx_word' id='word_1_59' title='bbox 1725 745 1768 780; x_wconf 82' lang='lat' dir='ltr'>ad</span> <span class='ocrx_word' id='word_1_60' title='bbox 1781 758 1808 792; x_wconf 86' lang='lat'>5.</span> 
     </span>
     <span class='ocr_line' id='line_1_9' title="bbox 454 798 1600 846; baseline 0.003 -15"><span class='ocrx_word' id='word_1_61' title='bbox 454 802 483 832; x_wconf 73' lang='lat' dir='ltr'>et</span> <span class='ocrx_word' id='word_1_62' title='bbox 503 808 537 841; x_wconf 77' lang='lat'>4.</span> <span class='ocrx_word' id='word_1_63' title='bbox 559 798 647 833; x_wconf 83' lang='lat' dir='ltr'>Dist.</span> <span class='ocrx_word' id='word_1_64' title='bbox 674 808 701 831; x_wconf 81' lang='grc' dir='ltr'>Ι.</span> <span class='ocrx_word' id='word_1_65' title='bbox 725 810 754 844; x_wconf 78' lang='lat' dir='ltr'>q.</span> <span class='ocrx_word' id='word_1_66' title='bbox 775 810 806 833; x_wconf 89' lang='lat'>2.</span> <span class='ocrx_word' id='word_1_67' title='bbox 825 804 890 833; x_wconf 86' lang='lat' dir='ltr'>art.</span> <span class='ocrx_word' id='word_1_68' title='bbox 906 811 934 844; x_wconf 81' lang='lat'>5.</span> <span class='ocrx_word' id='word_1_69' title='bbox 954 811 983 845; x_wconf 82' lang='lat' dir='ltr'>q.</span> <span class='ocrx_word' id='word_1_70' title='bbox 999 811 1027 845; x_wconf 78' lang='lat'>3.</span> <span class='ocrx_word' id='word_1_71' title='bbox 1050 804 1079 834; x_wconf 75' lang='lat' dir='ltr'>et</span> <span class='ocrx_word' id='word_1_72' title='bbox 1096 810 1129 844; x_wconf 86' lang='lat'>4.</span> <span class='ocrx_word' id='word_1_73' title='bbox 1151 804 1181 834; x_wconf 77' lang='lat' dir='ltr'>et</span> <span class='ocrx_word' id='word_1_74' title='bbox 1199 800 1293 835; x_wconf 88' lang='lat' dir='ltr'>Rom.</span> <span class='ocrx_word' id='word_1_75' title='bbox 1317 809 1368 844; x_wconf 79' lang='lat'>14.</span> <span class='ocrx_word' id='word_1_76' title='bbox 1391 805 1420 834; x_wconf 79' lang='lat' dir='ltr'>et</span> <span class='ocrx_word' id='word_1_77' title='bbox 1441 799 1517 835; x_wconf 88' lang='lat' dir='ltr'><strong><em>Gal.</em></strong></span> <span class='ocrx_word' id='word_1_78' title='bbox 1540 801 1600 846; x_wconf 89' lang='lat'>2.).</span> 
     </span>
    </p>
   </div>
   <div class='ocr_carea' id='block_1_7' title="bbox 187 887 1819 2493">
    <p class='ocr_par' dir='ltr' id='par_1_7' title="bbox 234 887 1814 1365">
     <span class='ocr_line' id='line_1_10' title="bbox 313 887 1805 935; baseline 0.002 -15"><span class='ocrx_word' id='word_1_79' title='bbox 313 888 372 920; x_wconf 85' lang='lat' dir='ltr'>AD</span> <span class='ocrx_word' id='word_1_80' title='bbox 388 897 576 926; x_wconf 82' lang='lat' dir='ltr'><strong>QUARTUM</strong></span> <span class='ocrx_word' id='word_1_81' title='bbox 591 887 642 921; x_wconf 89' lang='lat' dir='ltr'>sic</span> <span class='ocrx_word' id='word_1_82' title='bbox 658 887 875 933; x_wconf 76' lang='lat' dir='ltr'><strong>proceditur.</strong></span> <span class='ocrx_word' id='word_1_83' title='bbox 898 888 1061 931; x_wconf 89' lang='lat' dir='ltr'>Videtur,</span> <span class='ocrx_word' id='word_1_84' title='bbox 1081 889 1177 934; x_wconf 83' lang='lat' dir='ltr'>quod</span> <span class='ocrx_word' id='word_1_85' title='bbox 1196 896 1278 935; x_wconf 91' lang='lat' dir='ltr'>post</span> <span class='ocrx_word' id='word_1_86' title='bbox 1293 889 1504 935; x_wconf 82' lang='lat' dir='ltr'><strong>passionem</strong></span> <span class='ocrx_word' id='word_1_87' title='bbox 1519 888 1657 923; x_wconf 83' lang='lat' dir='ltr'>Christi</span> <span class='ocrx_word' id='word_1_88' title='bbox 1675 889 1805 935; x_wconf 87' lang='lat' dir='ltr'>legalia</span> 
     </span>
     <span class='ocr_line' id='line_1_11' title="bbox 242 940 1812 989; baseline 0.003 -16"><span class='ocrx_word' id='word_1_89' title='bbox 242 940 381 986; x_wconf 80' lang='lat' dir='ltr'>possint</span> <span class='ocrx_word' id='word_1_90' title='bbox 395 940 471 975; x_wconf 91' lang='lat' dir='ltr'>sine</span> <span class='ocrx_word' id='word_1_91' title='bbox 487 949 638 986; x_wconf 89' lang='lat' dir='ltr'>peccato</span> <span class='ocrx_word' id='word_1_92' title='bbox 651 941 796 975; x_wconf 81' lang='lat' dir='ltr'>mortali</span> <span class='ocrx_word' id='word_1_93' title='bbox 808 942 1095 977; x_wconf 75' lang='lat' dir='ltr'>observariznon</span> <span class='ocrx_word' id='word_1_94' title='bbox 1110 950 1164 977; x_wconf 89' lang='lat' dir='ltr'>est</span> <span class='ocrx_word' id='word_1_95' title='bbox 1179 942 1273 976; x_wconf 91' lang='lat' dir='ltr'>enirn</span> <span class='ocrx_word' id='word_1_96' title='bbox 1288 942 1522 985; x_wconf 89' lang='lat' dir='ltr'>credendum,</span> <span class='ocrx_word' id='word_1_97' title='bbox 1533 942 1630 989; x_wconf 93' lang='lat' dir='ltr'>quod</span> <span class='ocrx_word' id='word_1_98' title='bbox 1641 943 1812 989; x_wconf 84' lang='lat' dir='ltr'>Apostoli</span> 
     </span>
     <span class='ocr_line' id='line_1_12' title="bbox 241 994 1813 1043; baseline 0.001 -15"><span class='ocrx_word' id='word_1_99' title='bbox 241 1002 322 1039; x_wconf 88' lang='lat' dir='ltr'>post</span> <span class='ocrx_word' id='word_1_100' title='bbox 341 1002 530 1040; x_wconf 86' lang='lat' dir='ltr'>acceptum</span> <span class='ocrx_word' id='word_1_101' title='bbox 551 994 724 1040; x_wconf 86' lang='lat' dir='ltr'>Spiritum</span> <span class='ocrx_word' id='word_1_102' title='bbox 749 995 923 1029; x_wconf 87' lang='lat' dir='ltr'>Sanctum</span> <span class='ocrx_word' id='word_1_103' title='bbox 947 995 1148 1030; x_wconf 76' lang='lat' dir='ltr'>mortaliter</span> <span class='ocrx_word' id='word_1_104' title='bbox 1169 996 1417 1042; x_wconf 87' lang='lat' dir='ltr'>peccaverint:</span> <span class='ocrx_word' id='word_1_105' title='bbox 1438 997 1514 1042; x_wconf 87' lang='lat' dir='ltr'>ejus</span> <span class='ocrx_word' id='word_1_106' title='bbox 1542 996 1639 1030; x_wconf 85' lang='lat' dir='ltr'>enim</span> <span class='ocrx_word' id='word_1_107' title='bbox 1660 996 1813 1043; x_wconf 88' lang='lat' dir='ltr'>plenitu-</span> 
     </span>
     <span class='ocr_line' id='line_1_13' title="bbox 241 1047 1812 1096; baseline 0.002 -15"><span class='ocrx_word' id='word_1_108' title='bbox 241 1047 323 1081; x_wconf 91' lang='lat' dir='ltr'>dine</span> <span class='ocrx_word' id='word_1_109' title='bbox 335 1055 417 1082; x_wconf 88' lang='lat' dir='ltr'>sunt</span> <span class='ocrx_word' id='word_1_110' title='bbox 430 1048 545 1082; x_wconf 89' lang='lat' dir='ltr'>induti</span> <span class='ocrx_word' id='word_1_111' title='bbox 565 1049 695 1083; x_wconf 86' lang='lat' dir='ltr'>virtute</span> <span class='ocrx_word' id='word_1_112' title='bbox 710 1060 752 1083; x_wconf 78' lang='lat' dir='ltr'>ex</span> <span class='ocrx_word' id='word_1_113' title='bbox 768 1049 854 1091; x_wconf 85' lang='lat' dir='ltr'>alto,</span> <span class='ocrx_word' id='word_1_114' title='bbox 869 1058 907 1083; x_wconf 89' lang='lat' dir='ltr'>ut</span> <span class='ocrx_word' id='word_1_115' title='bbox 917 1050 1046 1084; x_wconf 89' lang='lat' dir='ltr'>dicitur</span> <span class='ocrx_word' id='word_1_116' title='bbox 1061 1050 1149 1084; x_wconf 90' lang='lat' dir='ltr'>Luc.</span> <span class='ocrx_word' id='word_1_117' title='bbox 1165 1049 1244 1084; x_wconf 91' lang='lat' dir='ltr'>ult.:</span> <span class='ocrx_word' id='word_1_118' title='bbox 1260 1050 1322 1084; x_wconf 88' lang='lat' dir='ltr'>sed</span> <span class='ocrx_word' id='word_1_119' title='bbox 1337 1049 1507 1096; x_wconf 85' lang='lat' dir='ltr'>Apostoli</span> <span class='ocrx_word' id='word_1_120' title='bbox 1521 1057 1603 1096; x_wconf 87' lang='lat' dir='ltr'>post</span> <span class='ocrx_word' id='word_1_121' title='bbox 1618 1050 1812 1084; x_wconf 86' lang='lat' dir='ltr'>adventum</span> 
     </span>
     <span class='ocr_line' id='line_1_14' title="bbox 242 1101 1814 1150; baseline 0.001 -15"><span class='ocrx_word' id='word_1_122' title='bbox 242 1101 394 1147; x_wconf 80' lang='lat' dir='ltr'>Spiritus</span> <span class='ocrx_word' id='word_1_123' title='bbox 417 1101 542 1136; x_wconf 81' lang='lat' dir='ltr'>Sancti</span> <span class='ocrx_word' id='word_1_124' title='bbox 563 1101 695 1148; x_wconf 82' lang='lat' dir='ltr'>legalia</span> <span class='ocrx_word' id='word_1_125' title='bbox 714 1103 1012 1138; x_wconf 82' lang='lat' dir='ltr'>observaverunt:</span> <span class='ocrx_word' id='word_1_126' title='bbox 1033 1103 1162 1138; x_wconf 90' lang='lat' dir='ltr'>dicitur</span> <span class='ocrx_word' id='word_1_127' title='bbox 1180 1104 1278 1138; x_wconf 89' lang='lat' dir='ltr'>enirn</span> <span class='ocrx_word' id='word_1_128' title='bbox 1296 1103 1377 1138; x_wconf 87' lang='lat' dir='ltr'>Act.</span> <span class='ocrx_word' id='word_1_129' title='bbox 1402 1102 1466 1146; x_wconf 66' lang='lat'>16„</span> <span class='ocrx_word' id='word_1_130' title='bbox 1485 1103 1582 1150; x_wconf 92' lang='lat' dir='ltr'>quod</span> <span class='ocrx_word' id='word_1_131' title='bbox 1598 1103 1733 1138; x_wconf 91' lang='lat' dir='ltr'>Paulus</span> <span class='ocrx_word' id='word_1_132' title='bbox 1751 1104 1814 1138; x_wconf 90' lang='lat' dir='ltr'>cir-</span> 
     </span>
     <span class='ocr_line' id='line_1_15' title="bbox 242 1154 1811 1204; baseline 0.002 -15"><span class='ocrx_word' id='word_1_133' title='bbox 242 1155 414 1190; x_wconf 86' lang='lat' dir='ltr'>cumcidit</span> <span class='ocrx_word' id='word_1_134' title='bbox 436 1154 696 1190; x_wconf 84' lang='lat' dir='ltr'>Timotheum:</span> <span class='ocrx_word' id='word_1_135' title='bbox 718 1165 752 1191; x_wconf 93' lang='lat' dir='ltr'>et</span> <span class='ocrx_word' id='word_1_136' title='bbox 773 1157 854 1191; x_wconf 91' lang='lat' dir='ltr'>Act.</span> <span class='ocrx_word' id='word_1_137' title='bbox 879 1167 933 1193; x_wconf 86' lang='lat'>21.</span> <span class='ocrx_word' id='word_1_138' title='bbox 957 1158 1098 1200; x_wconf 90' lang='lat' dir='ltr'>dicitur,</span> <span class='ocrx_word' id='word_1_139' title='bbox 1121 1157 1218 1204; x_wconf 91' lang='lat' dir='ltr'>quod</span> <span class='ocrx_word' id='word_1_140' title='bbox 1240 1157 1374 1192; x_wconf 89' lang='lat' dir='ltr'>Paulus</span> <span class='ocrx_word' id='word_1_141' title='bbox 1395 1157 1596 1192; x_wconf 91' lang='lat' dir='ltr'>secundum</span> <span class='ocrx_word' id='word_1_142' title='bbox 1618 1157 1811 1192; x_wconf 89' lang='lat' dir='ltr'>consilium</span> 
     </span>
     <span class='ocr_line' id='line_1_16' title="bbox 237 1207 1812 1258; baseline 0.002 -16"><span class='ocrx_word' id='word_1_143' title='bbox 237 1209 376 1254; x_wconf 87' lang='lat' dir='ltr'>Jacobi,</span> <span class='ocrx_word' id='word_1_144' title='bbox 398 1211 572 1256; x_wconf 72' lang='lat' dir='ltr'>assumptis</span> <span class='ocrx_word' id='word_1_145' title='bbox 590 1207 688 1253; x_wconf 81' lang='lat' dir='ltr'>viris,</span> <span class='ocrx_word' id='word_1_146' title='bbox 705 1211 907 1257; x_wconf 79' lang='lat' dir='ltr'>purificatas</span> <span class='ocrx_word' id='word_1_147' title='bbox 933 1223 1007 1246; x_wconf 81' lang='lat' dir='ltr'>cum</span> <span class='ocrx_word' id='word_1_148' title='bbox 1033 1213 1078 1246; x_wconf 76' lang='lat' dir='ltr'>eis</span> <span class='ocrx_word' id='word_1_149' title='bbox 1103 1212 1250 1247; x_wconf 82' lang='lat' dir='ltr'>intravit</span> <span class='ocrx_word' id='word_1_150' title='bbox 1274 1212 1310 1246; x_wconf 83' lang='lat' dir='ltr'>in</span> <span class='ocrx_word' id='word_1_151' title='bbox 1336 1211 1508 1258; x_wconf 71' lang='lat' dir='ltr'>templum,</span> <span class='ocrx_word' id='word_1_152' title='bbox 1531 1212 1736 1246; x_wconf 82' lang='lat' dir='ltr'>annuntians</span> <span class='ocrx_word' id='word_1_153' title='bbox 1761 1223 1812 1246; x_wconf 73' lang='lat' dir='ltr'>ex-</span> 
     </span>
     <span class='ocr_line' id='line_1_17' title="bbox 234 1263 1813 1312; baseline 0.002 -16"><span class='ocrx_word' id='word_1_154' title='bbox 234 1263 412 1309; x_wconf 68' lang='lat' dir='ltr'>pletionem</span> <span class='ocrx_word' id='word_1_155' title='bbox 431 1263 559 1298; x_wconf 76' lang='lat' dir='ltr'>dieram</span> <span class='ocrx_word' id='word_1_156' title='bbox 571 1265 833 1310; x_wconf 76' lang='lat' dir='ltr'>purificationis,</span> <span class='ocrx_word' id='word_1_157' title='bbox 849 1265 949 1300; x_wconf 76' lang='lat' dir='ltr'>donec</span> <span class='ocrx_word' id='word_1_158' title='bbox 963 1265 1135 1311; x_wconf 73' lang='lat' dir='ltr'>offerretur</span> <span class='ocrx_word' id='word_1_159' title='bbox 1149 1271 1214 1312; x_wconf 78' lang='lat' dir='ltr'>pro</span> <span class='ocrx_word' id='word_1_160' title='bbox 1229 1276 1424 1311; x_wconf 79' lang='lat' dir='ltr'>unoquoque</span> <span class='ocrx_word' id='word_1_161' title='bbox 1437 1276 1551 1300; x_wconf 80' lang='lat' dir='ltr'>eorum</span> <span class='ocrx_word' id='word_1_162' title='bbox 1566 1264 1687 1299; x_wconf 84' lang='lat' dir='ltr'>oblatio</span> <span class='ocrx_word' id='word_1_163' title='bbox 1697 1277 1709 1306; x_wconf 91' lang='lat'><em>;</em></span> <span class='ocrx_word' id='word_1_164' title='bbox 1726 1276 1813 1311; x_wconf 88' lang='lat' dir='ltr'>ergo</span> 
     </span>
     <span class='ocr_line' id='line_1_18' title="bbox 242 1316 1709 1365; baseline 0.001 -15"><span class='ocrx_word' id='word_1_165' title='bbox 242 1316 317 1350; x_wconf 90' lang='lat' dir='ltr'>sine</span> <span class='ocrx_word' id='word_1_166' title='bbox 345 1325 496 1363; x_wconf 90' lang='lat' dir='ltr'>peccato</span> <span class='ocrx_word' id='word_1_167' title='bbox 519 1317 666 1351; x_wconf 83' lang='lat' dir='ltr'>mortali</span> <span class='ocrx_word' id='word_1_168' title='bbox 692 1326 844 1364; x_wconf 90' lang='lat' dir='ltr'>possunt</span> <span class='ocrx_word' id='word_1_169' title='bbox 866 1326 947 1365; x_wconf 91' lang='lat' dir='ltr'>post</span> <span class='ocrx_word' id='word_1_170' title='bbox 974 1319 1112 1353; x_wconf 88' lang='lat' dir='ltr'>Christi</span> <span class='ocrx_word' id='word_1_171' title='bbox 1130 1319 1338 1365; x_wconf 80' lang='lat' dir='ltr'>passionem</span> <span class='ocrx_word' id='word_1_172' title='bbox 1360 1318 1492 1365; x_wconf 87' lang='lat' dir='ltr'>legalia</span> <span class='ocrx_word' id='word_1_173' title='bbox 1514 1318 1709 1353; x_wconf 84' lang='lat' dir='ltr'>observari.</span> 
     </span>
    </p>

    <p class='ocr_par' dir='ltr' id='par_1_8' title="bbox 239 1370 1813 1580">
     <span class='ocr_line' id='line_1_19' title="bbox 314 1370 1813 1419; baseline 0.002 -15"><span class='ocrx_word' id='word_1_174' title='bbox 314 1380 344 1404; x_wconf 88' lang='lat'>2.</span> <span class='ocrx_word' id='word_1_175' title='bbox 360 1370 598 1406; x_wconf 83' lang='lat' dir='ltr'>PRAETEREA.</span> <span class='ocrx_word' id='word_1_176' title='bbox 615 1370 739 1406; x_wconf 85' lang='lat' dir='ltr'>Vitare</span> <span class='ocrx_word' id='word_1_177' title='bbox 755 1373 939 1407; x_wconf 88' lang='lat' dir='ltr'>consortia</span> <span class='ocrx_word' id='word_1_178' title='bbox 956 1372 1159 1407; x_wconf 88' lang='lat' dir='ltr'>Gentilium</span> <span class='ocrx_word' id='word_1_179' title='bbox 1174 1372 1218 1406; x_wconf 86' lang='lat' dir='ltr'>ad</span> <span class='ocrx_word' id='word_1_180' title='bbox 1237 1373 1487 1407; x_wconf 89' lang='lat' dir='ltr'>caeremonias</span> <span class='ocrx_word' id='word_1_181' title='bbox 1501 1372 1592 1419; x_wconf 86' lang='lat' dir='ltr'>legis</span> <span class='ocrx_word' id='word_1_182' title='bbox 1602 1372 1813 1419; x_wconf 84' lang='lat' dir='ltr'>pertinebat:</span> 
     </span>
     <span class='ocr_line' id='line_1_20' title="bbox 241 1424 1813 1471; baseline 0.001 -13"><span class='ocrx_word' id='word_1_183' title='bbox 241 1424 303 1458; x_wconf 88' lang='lat' dir='ltr'>sed</span> <span class='ocrx_word' id='word_1_184' title='bbox 325 1424 396 1458; x_wconf 92' lang='lat' dir='ltr'>hoc</span> <span class='ocrx_word' id='word_1_185' title='bbox 424 1424 630 1459; x_wconf 82' lang='lat' dir='ltr'>observavit</span> <span class='ocrx_word' id='word_1_186' title='bbox 651 1425 788 1471; x_wconf 92' lang='lat' dir='ltr'>primus</span> <span class='ocrx_word' id='word_1_187' title='bbox 809 1426 939 1460; x_wconf 87' lang='lat' dir='ltr'>Pastor</span> <span class='ocrx_word' id='word_1_188' title='bbox 965 1425 1169 1461; x_wconf 85' lang='lat' dir='ltr'>Ecclesiae:</span> <span class='ocrx_word' id='word_1_189' title='bbox 1194 1426 1324 1460; x_wconf 90' lang='lat' dir='ltr'>dicitur</span> <span class='ocrx_word' id='word_1_190' title='bbox 1349 1426 1446 1460; x_wconf 90' lang='lat' dir='ltr'>enirn</span> <span class='ocrx_word' id='word_1_191' title='bbox 1473 1426 1518 1460; x_wconf 92' lang='lat' dir='ltr'>ad</span> <span class='ocrx_word' id='word_1_192' title='bbox 1541 1425 1661 1460; x_wconf 88' lang='lat' dir='ltr'>Galat.</span> <span class='ocrx_word' id='word_1_193' title='bbox 1688 1436 1719 1460; x_wconf 90' lang='lat'>2.</span> <span class='ocrx_word' id='word_1_194' title='bbox 1739 1438 1813 1461; x_wconf 85' lang='lat' dir='ltr'>cum</span> 
     </span>
     <span class='ocr_line' id='line_1_21' title="bbox 239 1478 1813 1526; baseline 0.001 -14"><span class='ocrx_word' id='word_1_195' title='bbox 239 1479 375 1512; x_wconf 67' lang='lat' dir='ltr'>venisset</span> <span class='ocrx_word' id='word_1_196' title='bbox 393 1478 528 1524; x_wconf 77' lang='lat' dir='ltr'>quidam</span> <span class='ocrx_word' id='word_1_197' title='bbox 548 1479 776 1522; x_wconf 77' lang='lat' dir='ltr'>Antiochiam,</span> <span class='ocrx_word' id='word_1_198' title='bbox 792 1480 1017 1522; x_wconf 73' lang='lat' dir='ltr'>subtrahebat,</span> <span class='ocrx_word' id='word_1_199' title='bbox 1038 1484 1066 1514; x_wconf 79' lang='lat' dir='ltr'>et</span> <span class='ocrx_word' id='word_1_200' title='bbox 1082 1481 1271 1526; x_wconf 64' lang='lat' dir='ltr'>segregabat</span> <span class='ocrx_word' id='word_1_201' title='bbox 1287 1491 1316 1515; x_wconf 77' lang='lat' dir='ltr'>se</span> <span class='ocrx_word' id='word_1_202' title='bbox 1336 1480 1450 1514; x_wconf 73' lang='lat' dir='ltr'>Petras</span> <span class='ocrx_word' id='word_1_203' title='bbox 1464 1491 1485 1514; x_wconf 86' lang='lat' dir='ltr'>a</span> <span class='ocrx_word' id='word_1_204' title='bbox 1501 1479 1688 1515; x_wconf 80' lang='lat' dir='ltr'>Gentilibus</span> <span class='ocrx_word' id='word_1_205' title='bbox 1697 1492 1709 1521; x_wconf 93' lang='lat'><em>;</em></span> <span class='ocrx_word' id='word_1_206' title='bbox 1726 1491 1813 1526; x_wconf 86' lang='lat' dir='ltr'>ergo</span> 
     </span>
     <span class='ocr_line' id='line_1_22' title="bbox 243 1532 1812 1580; baseline 0.001 -15"><span class='ocrx_word' id='word_1_207' title='bbox 243 1532 375 1577; x_wconf 87' lang='lat' dir='ltr'>absque</span> <span class='ocrx_word' id='word_1_208' title='bbox 397 1539 548 1578; x_wconf 89' lang='lat' dir='ltr'>peccato</span> <span class='ocrx_word' id='word_1_209' title='bbox 571 1540 652 1578; x_wconf 88' lang='lat' dir='ltr'>post</span> <span class='ocrx_word' id='word_1_210' title='bbox 673 1533 882 1579; x_wconf 88' lang='lat' dir='ltr'>passionem</span> <span class='ocrx_word' id='word_1_211' title='bbox 902 1533 1040 1567; x_wconf 89' lang='lat' dir='ltr'>Christi</span> <span class='ocrx_word' id='word_1_212' title='bbox 1061 1532 1151 1579; x_wconf 83' lang='lat' dir='ltr'>legis</span> <span class='ocrx_word' id='word_1_213' title='bbox 1171 1533 1425 1568; x_wconf 88' lang='lat' dir='ltr'>caeremoniae</span> <span class='ocrx_word' id='word_1_214' title='bbox 1447 1533 1631 1568; x_wconf 86' lang='lat' dir='ltr'>observari</span> <span class='ocrx_word' id='word_1_215' title='bbox 1651 1542 1812 1580; x_wconf 91' lang='lat' dir='ltr'>possunt.</span> 
     </span>
    </p>

    <p class='ocr_par' dir='ltr' id='par_1_9' title="bbox 187 1585 1816 1902">
     <span class='ocr_line' id='line_1_23' title="bbox 317 1585 1814 1633; baseline 0.001 -13"><span class='ocrx_word' id='word_1_216' title='bbox 317 1597 345 1631; x_wconf 81' lang='lat'>3.</span> <span class='ocrx_word' id='word_1_217' title='bbox 368 1585 606 1620; x_wconf 76' lang='lat' dir='ltr'>PRAETEREA.</span> <span class='ocrx_word' id='word_1_218' title='bbox 628 1585 827 1632; x_wconf 87' lang='lat' dir='ltr'>Praecepta</span> <span class='ocrx_word' id='word_1_219' title='bbox 850 1586 1116 1632; x_wconf 86' lang='lat' dir='ltr'>Apostolorum</span> <span class='ocrx_word' id='word_1_220' title='bbox 1143 1597 1217 1620; x_wconf 90' lang='lat' dir='ltr'>non</span> <span class='ocrx_word' id='word_1_221' title='bbox 1239 1586 1457 1621; x_wconf 77' lang='lat' dir='ltr'>induxerunt</span> <span class='ocrx_word' id='word_1_222' title='bbox 1476 1587 1647 1621; x_wconf 89' lang='lat' dir='ltr'>homines</span> <span class='ocrx_word' id='word_1_223' title='bbox 1669 1586 1713 1621; x_wconf 88' lang='lat' dir='ltr'>ad</span> <span class='ocrx_word' id='word_1_224' title='bbox 1731 1598 1814 1633; x_wconf 93' lang='lat' dir='ltr'>pec-</span> 
     </span>
     <span class='ocr_line' id='line_1_24' title="bbox 187 1639 1810 1687; baseline 0.001 -14"><span class='ocrx_word' id='word_1_225' title='bbox 187 1682 190 1685; x_wconf 15' lang='lat'><strong>*</strong></span> <span class='ocrx_word' id='word_1_226' title='bbox 242 1647 384 1674; x_wconf 87' lang='lat' dir='ltr'>catum:</span> <span class='ocrx_word' id='word_1_227' title='bbox 406 1639 467 1674; x_wconf 91' lang='lat' dir='ltr'>sed</span> <span class='ocrx_word' id='word_1_228' title='bbox 490 1651 532 1674; x_wconf 79' lang='lat' dir='ltr'>ex</span> <span class='ocrx_word' id='word_1_229' title='bbox 554 1639 700 1674; x_wconf 82' lang='lat' dir='ltr'>decreto</span> <span class='ocrx_word' id='word_1_230' title='bbox 723 1640 988 1687; x_wconf 90' lang='lat' dir='ltr'>Apostolorum</span> <span class='ocrx_word' id='word_1_231' title='bbox 1015 1647 1189 1674; x_wconf 89' lang='lat' dir='ltr'>statutum</span> <span class='ocrx_word' id='word_1_232' title='bbox 1215 1639 1292 1683; x_wconf 85' lang='lat' dir='ltr'>fuit,</span> <span class='ocrx_word' id='word_1_233' title='bbox 1319 1640 1416 1686; x_wconf 91' lang='lat' dir='ltr'>quod</span> <span class='ocrx_word' id='word_1_234' title='bbox 1445 1639 1609 1675; x_wconf 88' lang='lat' dir='ltr'>Gentiles</span> <span class='ocrx_word' id='word_1_235' title='bbox 1631 1640 1810 1686; x_wconf 87' lang='lat' dir='ltr'>quaedam</span> 
     </span>
     <span class='ocr_line' id='line_1_25' title="bbox 243 1693 1813 1741; baseline 0.001 -14"><span class='ocrx_word' id='word_1_236' title='bbox 243 1693 285 1727; x_wconf 87' lang='lat' dir='ltr'>de</span> <span class='ocrx_word' id='word_1_237' title='bbox 309 1694 547 1728; x_wconf 87' lang='lat' dir='ltr'>caeremoniis</span> <span class='ocrx_word' id='word_1_238' title='bbox 569 1693 659 1740; x_wconf 85' lang='lat' dir='ltr'>legis</span> <span class='ocrx_word' id='word_1_239' title='bbox 681 1694 975 1729; x_wconf 85' lang='lat' dir='ltr'>observarentur:</span> <span class='ocrx_word' id='word_1_240' title='bbox 999 1694 1129 1728; x_wconf 90' lang='lat' dir='ltr'>dicitur</span> <span class='ocrx_word' id='word_1_241' title='bbox 1150 1694 1248 1728; x_wconf 89' lang='lat' dir='ltr'>enim</span> <span class='ocrx_word' id='word_1_242' title='bbox 1270 1694 1352 1728; x_wconf 90' lang='lat' dir='ltr'>Act.</span> <span class='ocrx_word' id='word_1_243' title='bbox 1376 1704 1444 1739; x_wconf 83' lang='lat'>15.:</span> <span class='ocrx_word' id='word_1_244' title='bbox 1472 1694 1585 1728; x_wconf 86' lang='lat' dir='ltr'>Visam</span> <span class='ocrx_word' id='word_1_245' title='bbox 1603 1699 1648 1729; x_wconf 82' lang='lat' dir='ltr'>est</span> <span class='ocrx_word' id='word_1_246' title='bbox 1668 1694 1813 1741; x_wconf 75' lang='lat' dir='ltr'>Spiritui</span> 
     </span>
     <span class='ocr_line' id='line_1_26' title="bbox 240 1747 1816 1795; baseline 0.001 -14"><span class='ocrx_word' id='word_1_247' title='bbox 240 1747 377 1789; x_wconf 72' lang='lat' dir='ltr'>Sancto,</span> <span class='ocrx_word' id='word_1_248' title='bbox 400 1753 428 1782; x_wconf 71' lang='lat' dir='ltr'>et</span> <span class='ocrx_word' id='word_1_249' title='bbox 449 1749 541 1782; x_wconf 82' lang='lat' dir='ltr'>nobis</span> <span class='ocrx_word' id='word_1_250' title='bbox 562 1747 647 1782; x_wconf 79' lang='lat' dir='ltr'>nihil</span> <span class='ocrx_word' id='word_1_251' title='bbox 668 1748 757 1782; x_wconf 76' lang='lat' dir='ltr'>altra</span> <span class='ocrx_word' id='word_1_252' title='bbox 779 1749 946 1795; x_wconf 66' lang='lat' dir='ltr'>imponere</span> <span class='ocrx_word' id='word_1_253' title='bbox 968 1749 1075 1783; x_wconf 77' lang='lat' dir='ltr'>oneris</span> <span class='ocrx_word' id='word_1_254' title='bbox 1091 1749 1197 1791; x_wconf 80' lang='lat' dir='ltr'>vobis,</span> <span class='ocrx_word' id='word_1_255' title='bbox 1218 1759 1318 1794; x_wconf 82' lang='lat' dir='ltr'>quam</span> <span class='ocrx_word' id='word_1_256' title='bbox 1340 1748 1417 1782; x_wconf 81' lang='lat' dir='ltr'>haec</span> <span class='ocrx_word' id='word_1_257' title='bbox 1442 1748 1636 1790; x_wconf 73' lang='lat' dir='ltr'>necessaria,</span> <span class='ocrx_word' id='word_1_258' title='bbox 1657 1752 1693 1782; x_wconf 82' lang='lat' dir='ltr'>ut</span> <span class='ocrx_word' id='word_1_259' title='bbox 1718 1749 1816 1783; x_wconf 77' lang='lat' dir='ltr'>absti-</span> 
     </span>
     <span class='ocr_line' id='line_1_27' title="bbox 242 1801 1815 1848; baseline 0.001 -14"><span class='ocrx_word' id='word_1_260' title='bbox 242 1802 344 1836; x_wconf 65' lang='lat' dir='ltr'>neatis</span> <span class='ocrx_word' id='word_1_261' title='bbox 357 1813 415 1836; x_wconf 80' lang='lat' dir='ltr'>vos</span> <span class='ocrx_word' id='word_1_262' title='bbox 429 1802 469 1836; x_wconf 87' lang='lat' dir='ltr'>ab</span> <span class='ocrx_word' id='word_1_263' title='bbox 486 1802 666 1836; x_wconf 83' lang='lat' dir='ltr'>immolatis</span> <span class='ocrx_word' id='word_1_264' title='bbox 679 1802 951 1844; x_wconf 75' lang='lat' dir='ltr'>simulacrorum,</span> <span class='ocrx_word' id='word_1_265' title='bbox 968 1807 996 1836; x_wconf 76' lang='lat' dir='ltr'>et</span> <span class='ocrx_word' id='word_1_266' title='bbox 1008 1803 1180 1847; x_wconf 77' lang='lat' dir='ltr'>sanguine,</span> <span class='ocrx_word' id='word_1_267' title='bbox 1197 1807 1225 1836; x_wconf 79' lang='lat' dir='ltr'>et</span> <span class='ocrx_word' id='word_1_268' title='bbox 1238 1802 1407 1847; x_wconf 77' lang='lat' dir='ltr'>suffocato,</span> <span class='ocrx_word' id='word_1_269' title='bbox 1423 1806 1453 1836; x_wconf 85' lang='lat' dir='ltr'>et</span> <span class='ocrx_word' id='word_1_270' title='bbox 1459 1801 1685 1848; x_wconf 74' lang='lat' dir='ltr'>fornicatione</span> <span class='ocrx_word' id='word_1_271' title='bbox 1694 1813 1706 1842; x_wconf 88' lang='lat'><em>;</em></span> <span class='ocrx_word' id='word_1_272' title='bbox 1727 1812 1815 1847; x_wconf 81' lang='lat' dir='ltr'>ergo</span> 
     </span>
     <span class='ocr_line' id='line_1_28' title="bbox 243 1855 1815 1902; baseline -0.001 -13"><span class='ocrx_word' id='word_1_273' title='bbox 243 1855 377 1901; x_wconf 88' lang='lat' dir='ltr'>absque</span> <span class='ocrx_word' id='word_1_274' title='bbox 392 1863 543 1900; x_wconf 89' lang='lat' dir='ltr'>peccato</span> <span class='ocrx_word' id='word_1_275' title='bbox 563 1855 818 1890; x_wconf 87' lang='lat' dir='ltr'>caeremoniae</span> <span class='ocrx_word' id='word_1_276' title='bbox 833 1855 968 1901; x_wconf 83' lang='lat' dir='ltr'>legales</span> <span class='ocrx_word' id='word_1_277' title='bbox 984 1863 1135 1901; x_wconf 89' lang='lat' dir='ltr'>possunt</span> <span class='ocrx_word' id='word_1_278' title='bbox 1149 1863 1232 1902; x_wconf 89' lang='lat' dir='ltr'>post</span> <span class='ocrx_word' id='word_1_279' title='bbox 1247 1855 1384 1890; x_wconf 86' lang='lat' dir='ltr'>Christi</span> <span class='ocrx_word' id='word_1_280' title='bbox 1397 1855 1605 1902; x_wconf 88' lang='lat' dir='ltr'>passionem</span> <span class='ocrx_word' id='word_1_281' title='bbox 1621 1855 1815 1890; x_wconf 86' lang='lat' dir='ltr'>observari.</span> 
     </span>
    </p>

    <p class='ocr_par' dir='ltr' id='par_1_10' title="bbox 243 1908 1818 2116">
     <span class='ocr_line' id='line_1_29' title="bbox 315 1908 1818 1956; baseline 0 -13"><span class='ocrx_word' id='word_1_282' title='bbox 315 1909 390 1943; x_wconf 76' lang='lat' dir='ltr'>SED</span> <span class='ocrx_word' id='word_1_283' title='bbox 406 1919 560 1944; x_wconf 81' lang='lat' dir='ltr'>CONTRA</span> <span class='ocrx_word' id='word_1_284' title='bbox 583 1917 646 1951; x_wconf 87' lang='lat' dir='ltr'>est,</span> <span class='ocrx_word' id='word_1_285' title='bbox 669 1909 766 1956; x_wconf 89' lang='lat' dir='ltr'>quod</span> <span class='ocrx_word' id='word_1_286' title='bbox 789 1910 917 1956; x_wconf 88' lang='lat' dir='ltr'>Apost.</span> <span class='ocrx_word' id='word_1_287' title='bbox 941 1909 1027 1943; x_wconf 90' lang='lat' dir='ltr'>dicit</span> <span class='ocrx_word' id='word_1_288' title='bbox 1046 1909 1089 1943; x_wconf 91' lang='lat' dir='ltr'>ad</span> <span class='ocrx_word' id='word_1_289' title='bbox 1106 1909 1187 1944; x_wconf 89' lang='lat' dir='ltr'>Gal.</span> <span class='ocrx_word' id='word_1_290' title='bbox 1215 1920 1263 1954; x_wconf 82' lang='lat'>5.:</span> <span class='ocrx_word' id='word_1_291' title='bbox 1285 1909 1321 1944; x_wconf 82' lang='lat' dir='ltr'>Si</span> <span class='ocrx_word' id='word_1_292' title='bbox 1342 1908 1645 1951; x_wconf 78' lang='lat' dir='ltr'>circumcidamini,</span> <span class='ocrx_word' id='word_1_293' title='bbox 1669 1908 1818 1944; x_wconf 79' lang='lat' dir='ltr'>Christus</span> 
     </span>
     <span class='ocr_line' id='line_1_30' title="bbox 243 1961 1816 2009; baseline 0 -13"><span class='ocrx_word' id='word_1_294' title='bbox 243 1963 328 1997; x_wconf 85' lang='lat' dir='ltr'>nibil</span> <span class='ocrx_word' id='word_1_295' title='bbox 345 1964 438 1997; x_wconf 73' lang='lat' dir='ltr'>vobis</span> <span class='ocrx_word' id='word_1_296' title='bbox 453 1963 624 2009; x_wconf 54' lang='lat' dir='ltr'>proderit:</span> <span class='ocrx_word' id='word_1_297' title='bbox 646 1964 707 1997; x_wconf 85' lang='lat' dir='ltr'>sed</span> <span class='ocrx_word' id='word_1_298' title='bbox 727 1963 817 1997; x_wconf 91' lang='lat' dir='ltr'>nihil</span> <span class='ocrx_word' id='word_1_299' title='bbox 832 1962 990 1997; x_wconf 81' lang='lat' dir='ltr'>excludit</span> <span class='ocrx_word' id='word_1_300' title='bbox 1010 1962 1168 1997; x_wconf 89' lang='lat' dir='ltr'>fructum</span> <span class='ocrx_word' id='word_1_301' title='bbox 1185 1962 1333 2005; x_wconf 88' lang='lat' dir='ltr'>Christi,</span> <span class='ocrx_word' id='word_1_302' title='bbox 1351 1962 1420 1997; x_wconf 90' lang='lat' dir='ltr'>nisi</span> <span class='ocrx_word' id='word_1_303' title='bbox 1438 1970 1631 2009; x_wconf 90' lang='lat' dir='ltr'>peccatum</span> <span class='ocrx_word' id='word_1_304' title='bbox 1645 1961 1816 2003; x_wconf 71' lang='lat' dir='ltr'>mortale,</span> 
     </span>
     <span class='ocr_line' id='line_1_31' title="bbox 246 2016 1818 2063; baseline 0.001 -13"><span class='ocrx_word' id='word_1_305' title='bbox 246 2027 333 2062; x_wconf 85' lang='lat' dir='ltr'>ergo</span> <span class='ocrx_word' id='word_1_306' title='bbox 357 2016 580 2058; x_wconf 87' lang='lat' dir='ltr'>circumcidi,</span> <span class='ocrx_word' id='word_1_307' title='bbox 604 2025 638 2051; x_wconf 92' lang='lat' dir='ltr'>et</span> <span class='ocrx_word' id='word_1_308' title='bbox 659 2016 747 2051; x_wconf 84' lang='lat' dir='ltr'>alias</span> <span class='ocrx_word' id='word_1_309' title='bbox 770 2017 1021 2051; x_wconf 89' lang='lat' dir='ltr'>caeremonias</span> <span class='ocrx_word' id='word_1_310' title='bbox 1043 2016 1235 2051; x_wconf 85' lang='lat' dir='ltr'>observare</span> <span class='ocrx_word' id='word_1_311' title='bbox 1257 2024 1340 2063; x_wconf 91' lang='lat' dir='ltr'>post</span> <span class='ocrx_word' id='word_1_312' title='bbox 1361 2016 1569 2063; x_wconf 88' lang='lat' dir='ltr'>passionem</span> <span class='ocrx_word' id='word_1_313' title='bbox 1592 2016 1740 2058; x_wconf 87' lang='lat' dir='ltr'>Christi,</span> <span class='ocrx_word' id='word_1_314' title='bbox 1765 2024 1818 2051; x_wconf 86' lang='lat' dir='ltr'>est</span> 
     </span>
     <span class='ocr_line' id='line_1_32' title="bbox 243 2070 622 2116; baseline 0 -12"><span class='ocrx_word' id='word_1_315' title='bbox 243 2078 435 2116; x_wconf 85' lang='lat' dir='ltr'>peccatum</span> <span class='ocrx_word' id='word_1_316' title='bbox 455 2070 622 2104; x_wconf 89' lang='lat' dir='ltr'>mortale.</span> 
     </span>
    </p>

    <p class='ocr_par' dir='ltr' id='par_1_11' title="bbox 245 2123 1819 2493">
     <span class='ocr_line' id='line_1_33' title="bbox 317 2123 1819 2171; baseline 0 -13"><span class='ocrx_word' id='word_1_317' title='bbox 317 2123 547 2159; x_wconf 76' lang='lat' dir='ltr'>RESPONDEO</span> <span class='ocrx_word' id='word_1_318' title='bbox 570 2124 765 2159; x_wconf 89' lang='lat' dir='ltr'>dicendum</span> <span class='ocrx_word' id='word_1_319' title='bbox 788 2124 885 2171; x_wconf 87' lang='lat' dir='ltr'>quod</span> <span class='ocrx_word' id='word_1_320' title='bbox 908 2136 1036 2159; x_wconf 90' lang='lat' dir='ltr'>omnes</span> <span class='ocrx_word' id='word_1_321' title='bbox 1060 2124 1314 2159; x_wconf 88' lang='lat' dir='ltr'>caeremoniae</span> <span class='ocrx_word' id='word_1_322' title='bbox 1336 2132 1418 2158; x_wconf 90' lang='lat' dir='ltr'>sunt</span> <span class='ocrx_word' id='word_1_323' title='bbox 1444 2123 1624 2170; x_wconf 90' lang='lat' dir='ltr'>quaedam</span> <span class='ocrx_word' id='word_1_324' title='bbox 1646 2131 1819 2170; x_wconf 88' lang='lat' dir='ltr'>protesta-</span> 
     </span>
     <span class='ocr_line' id='line_1_34' title="bbox 246 2178 1817 2224; baseline 0 -12"><span class='ocrx_word' id='word_1_325' title='bbox 246 2178 362 2213; x_wconf 89' lang='lat' dir='ltr'>tiones</span> <span class='ocrx_word' id='word_1_326' title='bbox 384 2178 479 2221; x_wconf 85' lang='lat' dir='ltr'>fidei,</span> <span class='ocrx_word' id='word_1_327' title='bbox 501 2179 537 2212; x_wconf 89' lang='lat' dir='ltr'>in</span> <span class='ocrx_word' id='word_1_328' title='bbox 560 2190 629 2224; x_wconf 87' lang='lat' dir='ltr'>qua</span> <span class='ocrx_word' id='word_1_329' title='bbox 653 2179 816 2213; x_wconf 87' lang='lat' dir='ltr'>consistit</span> <span class='ocrx_word' id='word_1_330' title='bbox 835 2179 985 2213; x_wconf 90' lang='lat' dir='ltr'>interior</span> <span class='ocrx_word' id='word_1_331' title='bbox 1006 2179 1077 2214; x_wconf 92' lang='lat' dir='ltr'>Dei</span> <span class='ocrx_word' id='word_1_332' title='bbox 1101 2178 1237 2214; x_wconf 89' lang='lat' dir='ltr'>cultus:</span> <span class='ocrx_word' id='word_1_333' title='bbox 1257 2179 1307 2213; x_wconf 92' lang='lat' dir='ltr'>sic</span> <span class='ocrx_word' id='word_1_334' title='bbox 1332 2186 1454 2213; x_wconf 87' lang='lat' dir='ltr'>autem</span> <span class='ocrx_word' id='word_1_335' title='bbox 1476 2178 1586 2212; x_wconf 90' lang='lat' dir='ltr'>fidem</span> <span class='ocrx_word' id='word_1_336' title='bbox 1607 2178 1817 2212; x_wconf 87' lang='lat' dir='ltr'>interiorem</span> 
     </span>
     <span class='ocr_line' id='line_1_35' title="bbox 247 2231 1818 2279; baseline -0.001 -13"><span class='ocrx_word' id='word_1_337' title='bbox 247 2240 365 2279; x_wconf 89' lang='lat' dir='ltr'>potest</span> <span class='ocrx_word' id='word_1_338' title='bbox 386 2232 501 2266; x_wconf 90' lang='lat' dir='ltr'>homo</span> <span class='ocrx_word' id='word_1_339' title='bbox 524 2233 715 2279; x_wconf 83' lang='lat' dir='ltr'>protestari</span> <span class='ocrx_word' id='word_1_340' title='bbox 738 2232 853 2275; x_wconf 86' lang='lat' dir='ltr'>factis,</span> <span class='ocrx_word' id='word_1_341' title='bbox 876 2233 968 2268; x_wconf 88' lang='lat' dir='ltr'>sicut</span> <span class='ocrx_word' id='word_1_342' title='bbox 994 2241 1028 2267; x_wconf 91' lang='lat' dir='ltr'>et</span> <span class='ocrx_word' id='word_1_343' title='bbox 1054 2233 1183 2275; x_wconf 89' lang='lat' dir='ltr'>verbis,</span> <span class='ocrx_word' id='word_1_344' title='bbox 1211 2241 1246 2267; x_wconf 90' lang='lat' dir='ltr'>et</span> <span class='ocrx_word' id='word_1_345' title='bbox 1271 2233 1307 2266; x_wconf 89' lang='lat' dir='ltr'>in</span> <span class='ocrx_word' id='word_1_346' title='bbox 1333 2240 1484 2278; x_wconf 89' lang='lat' dir='ltr'>utraque</span> <span class='ocrx_word' id='word_1_347' title='bbox 1506 2231 1766 2279; x_wconf 88' lang='lat' dir='ltr'>protestatione</span> <span class='ocrx_word' id='word_1_348' title='bbox 1788 2231 1818 2266; x_wconf 88' lang='lat' dir='ltr'>si</span> 
     </span>
     <span class='ocr_line' id='line_1_36' title="bbox 245 2285 1817 2333; baseline -0.001 -13"><span class='ocrx_word' id='word_1_349' title='bbox 245 2286 379 2332; x_wconf 88' lang='lat' dir='ltr'>aliquid</span> <span class='ocrx_word' id='word_1_350' title='bbox 401 2286 517 2320; x_wconf 89' lang='lat' dir='ltr'>homo</span> <span class='ocrx_word' id='word_1_351' title='bbox 539 2285 671 2320; x_wconf 89' lang='lat' dir='ltr'>falsum</span> <span class='ocrx_word' id='word_1_352' title='bbox 687 2295 917 2332; x_wconf 78' lang='lat' dir='ltr'>protestatur,</span> <span class='ocrx_word' id='word_1_353' title='bbox 932 2295 1059 2333; x_wconf 86' lang='lat' dir='ltr'>peccat</span> <span class='ocrx_word' id='word_1_354' title='bbox 1073 2286 1294 2321; x_wconf 90' lang='lat' dir='ltr'>mortaliter:</span> <span class='ocrx_word' id='word_1_355' title='bbox 1310 2287 1476 2333; x_wconf 87' lang='lat' dir='ltr'>quamvis</span> <span class='ocrx_word' id='word_1_356' title='bbox 1491 2294 1612 2320; x_wconf 87' lang='lat' dir='ltr'>autem</span> <span class='ocrx_word' id='word_1_357' title='bbox 1627 2285 1672 2320; x_wconf 90' lang='lat' dir='ltr'>sit</span> <span class='ocrx_word' id='word_1_358' title='bbox 1689 2285 1817 2320; x_wconf 87' lang='lat' dir='ltr'>eadem</span> 
     </span>
     <span class='ocr_line' id='line_1_37' title="bbox 247 2340 1818 2387; baseline 0 -14"><span class='ocrx_word' id='word_1_359' title='bbox 247 2340 346 2385; x_wconf 83' lang='lat' dir='ltr'>fides,</span> <span class='ocrx_word' id='word_1_360' title='bbox 367 2352 477 2386; x_wconf 88' lang='lat' dir='ltr'>quam</span> <span class='ocrx_word' id='word_1_361' title='bbox 499 2340 675 2375; x_wconf 85' lang='lat' dir='ltr'>habemus</span> <span class='ocrx_word' id='word_1_362' title='bbox 698 2340 741 2374; x_wconf 90' lang='lat' dir='ltr'>de</span> <span class='ocrx_word' id='word_1_363' title='bbox 759 2341 920 2383; x_wconf 88' lang='lat' dir='ltr'>Christo,</span> <span class='ocrx_word' id='word_1_364' title='bbox 944 2349 978 2375; x_wconf 90' lang='lat' dir='ltr'>et</span> <span class='ocrx_word' id='word_1_365' title='bbox 999 2352 1108 2387; x_wconf 87' lang='lat' dir='ltr'>quam</span> <span class='ocrx_word' id='word_1_366' title='bbox 1132 2340 1269 2387; x_wconf 88' lang='lat' dir='ltr'>antiqui</span> <span class='ocrx_word' id='word_1_367' title='bbox 1291 2340 1416 2375; x_wconf 86' lang='lat' dir='ltr'>Patres</span> <span class='ocrx_word' id='word_1_368' title='bbox 1437 2340 1661 2382; x_wconf 81' lang='lat' dir='ltr'>habuerunt3</span> <span class='ocrx_word' id='word_1_369' title='bbox 1684 2347 1818 2381; x_wconf 85' lang='lat' dir='ltr'>tamen,</span> 
     </span>
     <span class='ocr_line' id='line_1_38' title="bbox 245 2392 1817 2440; baseline -0.001 -13"><span class='ocrx_word' id='word_1_370' title='bbox 245 2394 329 2440; x_wconf 87' lang='lat' dir='ltr'>quia</span> <span class='ocrx_word' id='word_1_371' title='bbox 351 2394 418 2440; x_wconf 89' lang='lat' dir='ltr'>ipsi</span> <span class='ocrx_word' id='word_1_372' title='bbox 440 2402 714 2440; x_wconf 84' lang='lat' dir='ltr'>praecesserunt</span> <span class='ocrx_word' id='word_1_373' title='bbox 737 2394 937 2436; x_wconf 86' lang='lat' dir='ltr'>Christum,</span> <span class='ocrx_word' id='word_1_374' title='bbox 952 2406 1019 2429; x_wconf 88' lang='lat' dir='ltr'>nos</span> <span class='ocrx_word' id='word_1_375' title='bbox 1042 2402 1165 2429; x_wconf 86' lang='lat' dir='ltr'>autem</span> <span class='ocrx_word' id='word_1_376' title='bbox 1187 2394 1383 2440; x_wconf 85' lang='lat' dir='ltr'>sequimur,</span> <span class='ocrx_word' id='word_1_377' title='bbox 1403 2393 1530 2428; x_wconf 86' lang='lat' dir='ltr'>eadem</span> <span class='ocrx_word' id='word_1_378' title='bbox 1552 2392 1641 2428; x_wconf 90' lang='lat' dir='ltr'>fides</span> <span class='ocrx_word' id='word_1_379' title='bbox 1667 2392 1817 2427; x_wconf 85' lang='lat' dir='ltr'>diversis</span> 
     </span>
     <span class='ocr_line' id='line_1_39' title="bbox 245 2447 1818 2493; baseline -0.001 -12"><span class='ocrx_word' id='word_1_380' title='bbox 245 2448 362 2482; x_wconf 83' lang='lat' dir='ltr'>verbis</span> <span class='ocrx_word' id='word_1_381' title='bbox 385 2447 608 2493; x_wconf 73' lang='lat' dir='ltr'>significatur</span> <span class='ocrx_word' id='word_1_382' title='bbox 627 2459 646 2481; x_wconf 86' lang='lat' dir='ltr'>a</span> <span class='ocrx_word' id='word_1_383' title='bbox 668 2448 784 2489; x_wconf 84' lang='lat' dir='ltr'>nobis,</span> <span class='ocrx_word' id='word_1_384' title='bbox 808 2456 842 2482; x_wconf 91' lang='lat' dir='ltr'>et</span> <span class='ocrx_word' id='word_1_385' title='bbox 866 2449 907 2482; x_wconf 89' lang='lat' dir='ltr'>ab</span> <span class='ocrx_word' id='word_1_386' title='bbox 932 2448 992 2482; x_wconf 83' lang='lat' dir='ltr'>eis.</span> <span class='ocrx_word' id='word_1_387' title='bbox 1021 2448 1115 2482; x_wconf 77' lang='lat' dir='ltr'>Nam</span> <span class='ocrx_word' id='word_1_388' title='bbox 1144 2448 1186 2482; x_wconf 85' lang='lat' dir='ltr'>ab</span> <span class='ocrx_word' id='word_1_389' title='bbox 1215 2448 1265 2482; x_wconf 89' lang='lat' dir='ltr'>eis</span> <span class='ocrx_word' id='word_1_390' title='bbox 1292 2447 1493 2482; x_wconf 87' lang='lat' dir='ltr'>dicebatur:</span> <span class='ocrx_word' id='word_1_391' title='bbox 1515 2447 1600 2482; x_wconf 72' lang='lat' dir='ltr'>Ecce</span> <span class='ocrx_word' id='word_1_392' title='bbox 1620 2447 1716 2492; x_wconf 76' lang='lat' dir='ltr'>virgo</span> <span class='ocrx_word' id='word_1_393' title='bbox 1743 2458 1818 2481; x_wconf 84' lang='lat' dir='ltr'>con—</span> 
     </span>
    </p>
   </div>
   <div class='ocr_carea' id='block_1_8' title="bbox 246 2499 1871 2548">
    <p class='ocr_par' dir='ltr' id='par_1_12' title="bbox 246 2499 1871 2548">
     <span class='ocr_line' id='line_1_40' title="bbox 246 2499 1871 2548; baseline -0.001 -13"><span class='ocrx_word' id='word_1_394' title='bbox 246 2503 354 2548; x_wconf 57' lang='lat' dir='ltr'>cipiet,</span> <span class='ocrx_word' id='word_1_395' title='bbox 378 2502 672 2548; x_wconf 66' lang='lat' dir='ltr'>etpariutflliam,</span> <span class='ocrx_word' id='word_1_396' title='bbox 701 2513 792 2547; x_wconf 84' lang='lat' dir='ltr'>quae</span> <span class='ocrx_word' id='word_1_397' title='bbox 815 2510 897 2535; x_wconf 87' lang='lat' dir='ltr'>sunt</span> <span class='ocrx_word' id='word_1_398' title='bbox 918 2502 1025 2536; x_wconf 75' lang='lat' dir='ltr'>verba</span> <span class='ocrx_word' id='word_1_399' title='bbox 1050 2501 1156 2535; x_wconf 75' lang='lat' dir='ltr'>futuri</span> <span class='ocrx_word' id='word_1_400' title='bbox 1178 2501 1372 2547; x_wconf 88' lang='lat' dir='ltr'>temporis:</span> <span class='ocrx_word' id='word_1_401' title='bbox 1400 2512 1467 2535; x_wconf 90' lang='lat' dir='ltr'>nos</span> <span class='ocrx_word' id='word_1_402' title='bbox 1495 2508 1616 2534; x_wconf 87' lang='lat' dir='ltr'>autem</span> <span class='ocrx_word' id='word_1_403' title='bbox 1642 2499 1739 2534; x_wconf 87' lang='lat' dir='ltr'>idem</span> <span class='ocrx_word' id='word_1_404' title='bbox 1766 2511 1820 2534; x_wconf 89' lang='lat' dir='ltr'>re·</span> <span class='ocrx_word' id='word_1_405' title='bbox 1870 2535 1871 2538; x_wconf 52' lang='lat'>,</span> 
     </span>
    </p>
   </div>
   <div class='ocr_carea' id='block_1_9' title="bbox 246 2554 1821 2923">
    <p class='ocr_par' dir='ltr' id='par_1_13' title="bbox 246 2554 1821 2923">
     <span class='ocr_line' id='line_1_41' title="bbox 246 2554 1814 2601; baseline -0.001 -12"><span class='ocrx_word' id='word_1_406' title='bbox 246 2563 517 2601; x_wconf 80' lang='lat' dir='ltr'>praesentamus</span> <span class='ocrx_word' id='word_1_407' title='bbox 541 2567 603 2601; x_wconf 85' lang='lat' dir='ltr'>per</span> <span class='ocrx_word' id='word_1_408' title='bbox 624 2555 732 2589; x_wconf 77' lang='lat' dir='ltr'>verba</span> <span class='ocrx_word' id='word_1_409' title='bbox 755 2556 935 2601; x_wconf 84' lang='lat' dir='ltr'>praeteriti</span> <span class='ocrx_word' id='word_1_410' title='bbox 958 2555 1145 2601; x_wconf 80' lang='lat' dir='ltr'>temporis,</span> <span class='ocrx_word' id='word_1_411' title='bbox 1160 2555 1332 2596; x_wconf 84' lang='lat' dir='ltr'>dicentes,</span> <span class='ocrx_word' id='word_1_412' title='bbox 1348 2554 1444 2600; x_wconf 89' lang='lat' dir='ltr'>quod</span> <span class='ocrx_word' id='word_1_413' title='bbox 1460 2555 1606 2601; x_wconf 72' lang='lat' dir='ltr'>concepit</span> <span class='ocrx_word' id='word_1_414' title='bbox 1624 2554 1814 2600; x_wconf 73' lang='lat' dir='ltr'>etpcperit;</span> 
     </span>
     <span class='ocr_line' id='line_1_42' title="bbox 246 2607 1818 2655; baseline -0.001 -13"><span class='ocrx_word' id='word_1_415' title='bbox 246 2609 410 2643; x_wconf 86' lang='lat' dir='ltr'>similiter</span> <span class='ocrx_word' id='word_1_416' title='bbox 433 2611 687 2644; x_wconf 81' lang='lat' dir='ltr'>caeremoniae</span> <span class='ocrx_word' id='word_1_417' title='bbox 710 2609 839 2643; x_wconf 76' lang='lat' dir='ltr'>veteris</span> <span class='ocrx_word' id='word_1_418' title='bbox 862 2608 952 2653; x_wconf 66' lang='lat' dir='ltr'>legis</span> <span class='ocrx_word' id='word_1_419' title='bbox 980 2609 1230 2655; x_wconf 72' lang='lat' dir='ltr'>significabant</span> <span class='ocrx_word' id='word_1_420' title='bbox 1253 2609 1441 2643; x_wconf 86' lang='lat' dir='ltr'>Christum</span> <span class='ocrx_word' id='word_1_421' title='bbox 1464 2616 1502 2642; x_wconf 90' lang='lat' dir='ltr'>ut</span> <span class='ocrx_word' id='word_1_422' title='bbox 1522 2607 1758 2648; x_wconf 88' lang='lat' dir='ltr'>nasciturum,</span> <span class='ocrx_word' id='word_1_423' title='bbox 1784 2614 1818 2640; x_wconf 86' lang='lat' dir='ltr'>et</span> 
     </span>
     <span class='ocr_line' id='line_1_43' title="bbox 246 2662 1817 2709; baseline -0.002 -13"><span class='ocrx_word' id='word_1_424' title='bbox 246 2674 452 2709; x_wconf 67' lang='lat' dir='ltr'>passurum,</span> <span class='ocrx_word' id='word_1_425' title='bbox 476 2671 598 2697; x_wconf 80' lang='lat' dir='ltr'>nostra</span> <span class='ocrx_word' id='word_1_426' title='bbox 619 2671 739 2697; x_wconf 82' lang='lat' dir='ltr'>autem</span> <span class='ocrx_word' id='word_1_427' title='bbox 763 2663 1000 2697; x_wconf 74' lang='lat' dir='ltr'>Sacramenta</span> <span class='ocrx_word' id='word_1_428' title='bbox 1024 2662 1229 2707; x_wconf 71' lang='lat' dir='ltr'>significant</span> <span class='ocrx_word' id='word_1_429' title='bbox 1244 2663 1362 2709; x_wconf 79' lang='lat' dir='ltr'>ipsum</span> <span class='ocrx_word' id='word_1_430' title='bbox 1378 2670 1416 2696; x_wconf 90' lang='lat' dir='ltr'>ut</span> <span class='ocrx_word' id='word_1_431' title='bbox 1433 2670 1572 2704; x_wconf 84' lang='lat' dir='ltr'>natum,</span> <span class='ocrx_word' id='word_1_432' title='bbox 1599 2669 1633 2695; x_wconf 88' lang='lat' dir='ltr'>et</span> <span class='ocrx_word' id='word_1_433' title='bbox 1658 2672 1817 2706; x_wconf 87' lang='lat' dir='ltr'>passum.</span> 
     </span>
     <span class='ocr_line' id='line_1_44' title="bbox 247 2714 1817 2763; baseline -0.001 -13"><span class='ocrx_word' id='word_1_434' title='bbox 247 2716 348 2751; x_wconf 84' lang='lat' dir='ltr'>Sicut</span> <span class='ocrx_word' id='word_1_435' title='bbox 374 2717 482 2761; x_wconf 70' lang='lat' dir='ltr'>igitur</span> <span class='ocrx_word' id='word_1_436' title='bbox 509 2724 675 2763; x_wconf 80' lang='lat' dir='ltr'>peccaret</span> <span class='ocrx_word' id='word_1_437' title='bbox 702 2716 914 2757; x_wconf 83' lang='lat' dir='ltr'>mortaliter,</span> <span class='ocrx_word' id='word_1_438' title='bbox 942 2717 1002 2762; x_wconf 91' lang='lat' dir='ltr'>qui</span> <span class='ocrx_word' id='word_1_439' title='bbox 1030 2728 1124 2750; x_wconf 88' lang='lat' dir='ltr'>nunc</span> <span class='ocrx_word' id='word_1_440' title='bbox 1153 2727 1255 2750; x_wconf 87' lang='lat' dir='ltr'>suam</span> <span class='ocrx_word' id='word_1_441' title='bbox 1284 2715 1392 2750; x_wconf 82' lang='lat' dir='ltr'>fidem</span> <span class='ocrx_word' id='word_1_442' title='bbox 1420 2715 1654 2762; x_wconf 84' lang='lat' dir='ltr'>protestando</span> <span class='ocrx_word' id='word_1_443' title='bbox 1681 2714 1817 2748; x_wconf 87' lang='lat' dir='ltr'>diceret</span> 
     </span>
     <span class='ocr_line' id='line_1_45' title="bbox 248 2768 1821 2815; baseline -0.001 -11"><span class='ocrx_word' id='word_1_444' title='bbox 248 2770 435 2804; x_wconf 83' lang='lat' dir='ltr'>Christum</span> <span class='ocrx_word' id='word_1_445' title='bbox 458 2770 694 2811; x_wconf 76' lang='lat' dir='ltr'>nasciturum,</span> <span class='ocrx_word' id='word_1_446' title='bbox 718 2770 814 2815; x_wconf 82' lang='lat' dir='ltr'>quod</span> <span class='ocrx_word' id='word_1_447' title='bbox 839 2770 974 2815; x_wconf 82' lang='lat' dir='ltr'>antiqui</span> <span class='ocrx_word' id='word_1_448' title='bbox 997 2770 1065 2815; x_wconf 86' lang='lat' dir='ltr'>pie,</span> <span class='ocrx_word' id='word_1_449' title='bbox 1085 2778 1120 2804; x_wconf 87' lang='lat' dir='ltr'>et</span> <span class='ocrx_word' id='word_1_450' title='bbox 1137 2771 1313 2804; x_wconf 79' lang='lat' dir='ltr'>veraciter</span> <span class='ocrx_word' id='word_1_451' title='bbox 1333 2769 1516 2803; x_wconf 82' lang='lat' dir='ltr'>dicebant:</span> <span class='ocrx_word' id='word_1_452' title='bbox 1539 2769 1587 2803; x_wconf 89' lang='lat' dir='ltr'>ita</span> <span class='ocrx_word' id='word_1_453' title='bbox 1610 2768 1719 2803; x_wconf 87' lang='lat' dir='ltr'>etiam</span> <span class='ocrx_word' id='word_1_454' title='bbox 1742 2778 1821 2814; x_wconf 90' lang='lat' dir='ltr'>pec-</span> 
     </span>
     <span class='ocr_line' id='line_1_46' title="bbox 248 2821 1820 2869; baseline -0.002 -12"><span class='ocrx_word' id='word_1_455' title='bbox 248 2832 345 2857; x_wconf 87' lang='lat' dir='ltr'>caret</span> <span class='ocrx_word' id='word_1_456' title='bbox 371 2823 583 2865; x_wconf 82' lang='lat' dir='ltr'>mortaliter,</span> <span class='ocrx_word' id='word_1_457' title='bbox 611 2824 637 2857; x_wconf 82' lang='lat' dir='ltr'>si</span> <span class='ocrx_word' id='word_1_458' title='bbox 667 2824 745 2869; x_wconf 89' lang='lat' dir='ltr'>quis</span> <span class='ocrx_word' id='word_1_459' title='bbox 772 2835 867 2857; x_wconf 88' lang='lat' dir='ltr'>nunc</span> <span class='ocrx_word' id='word_1_460' title='bbox 896 2824 1145 2858; x_wconf 86' lang='lat' dir='ltr'>caeremonias</span> <span class='ocrx_word' id='word_1_461' title='bbox 1173 2823 1393 2866; x_wconf 78' lang='lat' dir='ltr'>observaret,</span> <span class='ocrx_word' id='word_1_462' title='bbox 1420 2833 1508 2869; x_wconf 90' lang='lat' dir='ltr'>quas</span> <span class='ocrx_word' id='word_1_463' title='bbox 1531 2821 1668 2868; x_wconf 85' lang='lat' dir='ltr'>antiqui</span> <span class='ocrx_word' id='word_1_464' title='bbox 1694 2821 1763 2867; x_wconf 86' lang='lat' dir='ltr'>pie,</span> <span class='ocrx_word' id='word_1_465' title='bbox 1785 2829 1820 2854; x_wconf 93' lang='lat' dir='ltr'>et</span> 
     </span>
     <span class='ocr_line' id='line_1_47' title="bbox 248 2875 1818 2923; baseline -0.002 -12"><span class='ocrx_word' id='word_1_466' title='bbox 248 2877 399 2911; x_wconf 76' lang='lat' dir='ltr'>fideliter</span> <span class='ocrx_word' id='word_1_467' title='bbox 414 2878 668 2911; x_wconf 81' lang='lat' dir='ltr'>observabant:</span> <span class='ocrx_word' id='word_1_468' title='bbox 686 2885 720 2911; x_wconf 86' lang='lat' dir='ltr'>et</span> <span class='ocrx_word' id='word_1_469' title='bbox 735 2878 805 2911; x_wconf 89' lang='lat' dir='ltr'>hoc</span> <span class='ocrx_word' id='word_1_470' title='bbox 822 2885 885 2918; x_wconf 83' lang='lat' dir='ltr'>est,</span> <span class='ocrx_word' id='word_1_471' title='bbox 900 2877 996 2922; x_wconf 83' lang='lat' dir='ltr'>quod</span> <span class='ocrx_word' id='word_1_472' title='bbox 1013 2877 1237 2923; x_wconf 79' lang='lat' dir='ltr'>Augustinus</span> <span class='ocrx_word' id='word_1_473' title='bbox 1251 2877 1337 2911; x_wconf 90' lang='lat' dir='ltr'>dicit</span> <span class='ocrx_word' id='word_1_474' title='bbox 1348 2884 1473 2911; x_wconf 89' lang='lat' dir='ltr'>contra</span> <span class='ocrx_word' id='word_1_475' title='bbox 1484 2875 1657 2910; x_wconf 88' lang='lat' dir='ltr'>Faustum</span> <span class='ocrx_word' id='word_1_476' title='bbox 1672 2875 1747 2920; x_wconf 81' lang='lat' dir='ltr'>(lib.</span> <span class='ocrx_word' id='word_1_477' title='bbox 1766 2884 1818 2919; x_wconf 80' lang='lat'>19.</span> 
     </span>
    </p>
   </div>
  </div>
 </body>
</html>
