1907 3182
258 181 342 236 248
658 192 879 227 QUAESTIO
911 191 1047 220 XXXII.
1080 191 1325 221 ARTICULUS
1357 191 1415 220 VI.

821 341 1164 385 ARTICULUS
1198 341 1275 384 VI.
1754 351 1819 398 187

385 449 538 479 UTRL'M
565 449 843 479 BENEFACERE
870 448 1027 478 ALTERI
1055 448 1122 477 SIT
1151 447 1292 477 CAUSA
1318 447 1688 477 DELECTATIONIS.

327 537 387 570 AD
415 546 567 570 SEXTUM
593 535 643 569 sic
666 535 882 581 proceditur.
913 533 1076 576 Videtur,
1098 534 1196 580 quod
1221 533 1435 568 benefacere
1462 534 1564 568 alteri
1589 546 1664 568 non
1691 534 1736 568 sit
1762 533 1823 568 de-

258 589 461 623 lectationis
479 599 602 622 causa:
622 587 814 622 delectatio
831 588 927 621 enim
943 595 1110 621 causatur
1124 598 1166 621 ex
1181 587 1441 621 consecutione
1459 587 1594 633 proprii
1611 587 1710 629 boni,
1729 587 1821 621 sicut

258 654 364 688 supra
386 642 524 675 dictum
541 649 595 675 est
618 641 694 684 (art.
708 647 821 687 praec.
841 646 871 675 et
888 653 914 675 1.
935 641 1003 686 huj.
1023 642 1092 686 q.):
1112 640 1173 674 sed
1190 639 1402 673 benefacere
1415 651 1490 674 non
1508 640 1661 686 pertinet
1675 639 1718 673 ad
1738 650 1824 673 con-

257 695 484 730 secutionem
505 694 640 740 proprii
660 694 757 735 boni,
780 694 841 728 sed
864 694 980 740 magis
1004 694 1047 727 ad
1070 693 1324 735 emissionem3
1347 704 1435 738 ergo
1455 693 1571 739 magis
1585 692 1728 726 videtur
1742 703 1821 726 esse

259 759 367 782 causa
387 748 562 789 tristitiae,
585 758 695 793 quam
717 746 977 781 delectationis.

329 811 360 835 2.
382 801 618 835 PRAETEREA.
641 799 777 834 Philos.
801 800 887 834 dicit
906 800 943 833 in
964 810 996 842 4.
1020 799 1100 833 Eth.
1124 800 1213 845 (cap.
1236 811 1263 834 1.
1287 810 1307 833 a
1333 798 1445 842 med),
1473 798 1571 844 quod
1597 797 1823 832 illiberalitas

259 853 530 889 connaturalior
552 861 604 887 est
624 853 845 894 hominibus,
868 865 976 899 quam
998 852 1254 899 prodigalitas:
1278 852 1339 886 sed
1363 852 1406 886 ad
1427 851 1721 898 prodigalitatem
1747 862 1825 898 per-

257 908 345 942 tinet
365 906 578 941 benefacere
605 906 701 948 aliis3
729 906 773 940 ad
799 905 1076 940 illiberalitatem
1107 913 1227 939 autem
1257 905 1412 951 pertinet
1438 905 1609 939 desistere
1637 915 1657 938 a
1681 904 1823 938 benefa-

258 959 406 993 ciendo:
430 971 511 994 cum
536 970 622 1005 ergo
645 959 809 1005 operatio
832 958 1076 992 connaturalis
1099 958 1143 992 sit
1165 957 1386 992 delectabilis
1409 957 1618 1004 unicuique,
1636 965 1675 991 ut
1692 957 1824 991 dicitur

256 1013 292 1046 in
314 1023 345 1057 7.
368 1012 483 1046 Ethic.
511 1013 600 1058 (cap.
622 1012 691 1056 14.)
714 1020 749 1046 et
774 1022 824 1046 10.
849 1012 935 1058 (cap.
957 1023 990 1056 4.
1019 1016 1047 1046 et
1063 1011 1110 1058 5.)
1128 1011 1281 1052 videtur,
1301 1011 1398 1057 quod
1415 1009 1630 1045 benefacere
1650 1010 1728 1044 aliis
1746 1021 1821 1044 non

257 1065 301 1099 sit
322 1076 430 1099 causa
452 1064 713 1099 delectationis.

332 1129 359 1163 3.
375 1118 611 1152 PRAETEREA.
633 1117 816 1152 Contrarii
831 1116 979 1151 effectus
998 1129 1041 1151 ex
1064 1117 1253 1151 contrariis
1270 1117 1387 1151 causis
1405 1115 1624 1163 procedunt:
1641 1116 1703 1150 sed
1718 1128 1825 1162 quae—

258 1172 353 1212 dam,
368 1183 460 1217 quae
479 1172 659 1218 pertinent
677 1171 719 1205 ad
735 1170 963 1212 malefacere,
982 1178 1065 1204 sunt
1081 1170 1292 1204 naturaliter
1309 1170 1453 1204 homini
1467 1169 1712 1212 delectabilia;
1731 1170 1824 1204 sicut

256 1225 412 1267 vincere,
434 1225 660 1271 redarguere,
683 1224 741 1258 vel
762 1224 948 1270 increpare
971 1223 1073 1266 alios,
1096 1231 1130 1257 et
1151 1223 1260 1257 etiam
1284 1223 1411 1268 punire
1434 1223 1676 1271 quantumlad
1698 1223 1823 1264 iratos,

257 1286 296 1312 ut
317 1278 403 1312 dicit
424 1278 560 1312 Philos.
585 1278 621 1311 in
647 1289 673 1311 1.
697 1277 846 1311 Rhetor.
871 1277 958 1323 (cap.
982 1278 1064 1322 11.);
1089 1288 1176 1322 ergo
1198 1275 1410 1310 benefacere
1433 1276 1549 1322 magis
1571 1284 1625 1310 est
1645 1287 1754 1311 causa
1766 1276 1824 1310 tri-

257 1331 384 1373 stitiae,
407 1343 517 1377 quam
539 1331 800 1365 delectationis.

329 1385 404 1419 SED
432 1395 587 1419 CONTRA
610 1393 673 1426 est,
695 1384 792 1430 quod
814 1384 951 1418 Philos.
975 1384 1061 1417 dicit
1088 1383 1123 1417 in
1147 1394 1177 1417 2.
1206 1382 1348 1417 Politic.
1376 1384 1465 1430 (cap.
1490 1395 1518 1429 3.
1541 1394 1562 1417 a
1587 1382 1702 1428 med),
1724 1382 1822 1428 quod

257 1437 392 1484 largiri,
416 1446 450 1472 et
472 1438 634 1472 auxiliari
656 1437 794 1479 amicis,
817 1445 877 1471 aut
899 1437 1075 1471 extraneis
1097 1444 1150 1471 est
1171 1436 1542 1471 delectabilissimum.

328 1491 558 1526 Rssspoxmzo
582 1491 788 1532 dicendum,
811 1491 907 1536 quod
928 1490 1000 1524 hoc
1020 1490 1139 1535 ipsum
1157 1490 1253 1535 quod
1273 1497 1327 1524 est
1343 1488 1555 1523 benefacere
1574 1489 1687 1531 alteri,
1705 1497 1826 1535 potest

258 1544 433 1589 tripliciter
455 1555 531 1578 esse
552 1544 803 1578 delectationis
822 1555 941 1577 causa.
964 1544 1035 1577 Uno
1051 1543 1146 1577 modo
1166 1555 1230 1589 per
1249 1543 1563 1588 comparationem
1579 1543 1623 1576 ad
1641 1541 1823 1584 effectum,

258 1597 353 1642 quod
370 1605 422 1631 est
441 1597 579 1631 bonum
601 1597 636 1630 in
659 1597 771 1631 altero
796 1597 1052 1638 constitutum3
1076 1604 1111 1630 et
1132 1596 1332 1630 secundum
1350 1596 1435 1638 hoc,
1450 1597 1664 1642 inquantum
1684 1596 1822 1630 bonum

258 1650 403 1684 alterius
419 1659 627 1696 reputamus
643 1650 919 1696 quasinostrum
934 1650 1083 1691 bonum,
1099 1657 1246 1695 propter
1259 1649 1435 1683 unionem
1450 1649 1585 1683 amoris
1599 1648 1826 1683 delectamur

257 1703 292 1736 in
314 1703 425 1745 bono,
448 1703 545 1749 quod
567 1715 630 1749 per
651 1714 718 1737 nos
741 1703 779 1737 fit
801 1702 890 1744 aliis,
913 1702 1104 1748 praecipue
1128 1702 1266 1744 amicis,
1288 1702 1382 1736 sicut
1398 1702 1434 1736 in
1453 1702 1551 1736 bono
1570 1702 1728 1748 proprio.
1744 1702 1822 1736 Alio

256 1756 351 1790 modo
373 1768 435 1802 per
462 1756 776 1802 comparationem
803 1756 846 1790 ad
868 1755 996 1789 finem:
1020 1756 1112 1790 sicut
1139 1767 1222 1789 cum
1251 1755 1378 1802 aliquis
1405 1767 1468 1802 per
1494 1755 1566 1790 hoc
1595 1755 1692 1802 quod
1720 1755 1824 1790 alteri

254 1809 444 1851 benefacit,
464 1818 582 1855 sperat
600 1810 773 1855 consequi
793 1809 938 1855 aliquod
956 1809 1092 1843 bonum
1109 1809 1174 1843 sibi
1194 1809 1272 1855 ipsi,
1290 1808 1348 1843 vel
1364 1821 1383 1842 a
1401 1809 1495 1850 Deo,
1514 1809 1572 1843 vel
1591 1809 1634 1843 ab
1649 1809 1821 1843 homine:

255 1874 337 1908 spes
360 1871 482 1897 autem
505 1863 754 1897 delectationis
777 1871 830 1896 est
852 1874 971 1896 causa.
1001 1863 1111 1896 Tertio
1132 1862 1226 1896 modo
1249 1874 1312 1908 per
1334 1862 1649 1908 comparationem
1666 1862 1709 1896 ad
1727 1862 1820 1908 prin-

257 1916 411 1962 cipium:
432 1925 466 1950 et
485 1917 534 1950 sic
550 1917 621 1950 hoc
638 1916 734 1962 quod
754 1924 806 1950 est
823 1915 1035 1950 benefacere
1055 1915 1169 1958 alteri,
1187 1924 1307 1962 potest
1325 1926 1402 1950 esse
1419 1915 1630 1950 delectabile
1645 1927 1709 1962 per
1726 1927 1826 1950 com-

256 1970 483 2015 parationem
503 1969 546 2002 ad
570 1970 690 2016 triplex
710 1969 946 2015 principium:
970 1980 1125 2015 quorum
1145 1981 1246 2003 unzcm
1266 1977 1319 2003 est
1337 1968 1489 2003 facultas
1506 1968 1773 2004 benefaciendi:
1789 1977 1826 2003 et

257 2022 455 2056 secundum
475 2023 545 2056 hoc
564 2022 778 2056 benefacere
799 2022 898 2056 alteri
919 2022 957 2056 fit
975 2021 1206 2065 delectabile;
1225 2023 1439 2068 inquantum
1461 2034 1525 2069 per
1537 2023 1609 2057 hoc
1625 2022 1663 2056 fit
1680 2023 1825 2057 homini

256 2075 433 2120 quaedam
456 2075 668 2120 imaginatio
691 2075 903 2109 abundantis
920 2075 1007 2109 boni
1034 2075 1069 2109 in
1092 2076 1211 2121 seipso
1234 2075 1427 2118 existentis,
1450 2087 1492 2109 ex
1513 2087 1586 2122 quo
1609 2075 1722 2121 possit
1744 2075 1824 2110 aliis

257 2128 540 2171 communicare,
564 2136 598 2162 et
618 2129 700 2163 ideo
723 2129 891 2162 homines
914 2128 1138 2163 delectantur
1155 2129 1191 2162 in
1211 2128 1303 2170 siliis,
1323 2137 1357 2162 et
1371 2129 1538 2175 operibus
1553 2129 1717 2175 propriis,
1731 2129 1824 2162 sicut

257 2181 384 2226 quibus
413 2181 687 2215 communicant
713 2182 899 2228 proprium
925 2182 1075 2217 bonum.
1097 2182 1201 2216 Aliud
1227 2182 1442 2228 principium
1478 2191 1530 2216 est
1555 2182 1699 2216 habitus
1725 2181 1824 2216 incli-

258 2246 359 2275 nans,
383 2235 580 2269 secundum
609 2247 716 2280 quem
738 2234 951 2269 benefacere
979 2235 1017 2269 fit
1045 2235 1151 2269 alicui
1179 2235 1434 2277 connaturale;
1457 2236 1551 2270 unde
1578 2235 1744 2270 liberales
1765 2236 1825 2270 de-

257 2287 469 2321 lectabiliter
484 2288 568 2322 dant
584 2287 671 2322 aliis.
695 2289 841 2323 Tertium
862 2289 1078 2334 principium
1101 2296 1154 2322 est
1176 2289 1374 2323 motivum:
1395 2297 1479 2335 puta
1498 2299 1581 2322 cum
1601 2288 1729 2335 aliquis
1747 2300 1823 2323 mo-

255 2348 357 2374 vetur
379 2340 420 2374 ab
445 2340 577 2386 aliquo,
601 2353 708 2387 quem
735 2341 862 2387 diligit,
890 2342 932 2375 ad
959 2341 1260 2376 benefaciendum
1289 2341 1414 2375 alicui:
1443 2343 1566 2376 omnia
1593 2342 1702 2387 enim,
1729 2353 1824 2388 quae

256 2392 420 2435 facimus,
435 2394 492 2431 vel
507 2394 663 2439 patimur
684 2403 830 2441 propter
853 2395 1024 2436 amicum,
1043 2394 1269 2429 delectabilia
1288 2403 1380 2437 sunt,
1399 2396 1482 2441 quia
1504 2406 1609 2430 arnor
1630 2396 1820 2442 praecipua

258 2457 366 2481 causa
393 2446 644 2481 delectationis
667 2456 728 2481 est.

329 2500 388 2534 AD
404 2510 551 2534 PRIMUM
568 2511 655 2545 ergo
671 2500 875 2541 dicendum,
891 2500 988 2546 quod
1003 2501 1162 2543 emissio,
1177 2501 1391 2547 inquantum
1406 2509 1459 2536 est
1476 2501 1669 2536 indicativa
1688 2502 1823 2548 proprii

256 2552 353 2594 boni,
381 2561 433 2587 est
459 2553 696 2587 delectabilis:
720 2553 780 2587 sed
804 2553 1016 2599 inquantum
1040 2563 1191 2588 evacuat
1217 2554 1403 2600 proprium
1430 2555 1579 2596 bonum,
1600 2562 1719 2600 potest
1745 2565 1822 2589 esse

259 2606 494 2648 contristans;
517 2606 609 2640 sicut
630 2606 774 2652 quando
798 2615 850 2640 est
872 2606 1123 2641 immoderata.

329 2659 388 2692 AD
413 2669 618 2693 SECUNDUM
641 2659 845 2700 dicendum,
873 2659 968 2704 quod
997 2659 1232 2705 prodigalitas
1265 2660 1375 2695 habet
1406 2660 1687 2695 immoderatam
1718 2661 1823 2696 emis-

257 2711 410 2753 sionem,
433 2722 524 2758 quae
552 2721 727 2758 repugnat
753 2720 920 2753 naturae3
944 2720 977 2746 et
999 2712 1081 2746 ideo
1104 2713 1337 2759 prodigalitas
1359 2713 1488 2748 dicitur
1514 2724 1592 2748 esse
1619 2722 1743 2748 contra
1763 2725 1823 2748 na·

257 2772 386 2798 turam.

328 2817 388 2851 An
416 2827 586 2852 TERTIUM
609 2817 814 2859 dicendum,
842 2818 937 2863 quod
965 2818 1122 2860 vincere,
1145 2819 1371 2865 redarguere,
1391 2827 1425 2854 et
1445 2819 1571 2866 punire
1592 2830 1666 2854 non
1689 2828 1742 2854 est
1763 2820 1823 2854 de—

257 2870 434 2912 lectabile,
458 2872 669 2916 inquantum
697 2879 750 2905 est
776 2871 810 2904 in
838 2870 975 2904 malum
999 2871 1154 2913 alterius,
1177 2872 1238 2906 sed
1261 2873 1474 2918 inquantum
1501 2872 1654 2918 pertinet
1676 2874 1719 2907 ad
1741 2884 1825 2919 pro·
