1955 3182
289 173 368 203 100
746 172 967 208 QUAESTIO
1000 173 1042 202 X.
1077 172 1322 203 ARTICULUS
1355 174 1382 203 Ι.

283 253 343 300 qui
356 253 427 288 hoc
439 253 550 288 modo
566 253 719 288 sehabet
736 253 772 287 in
792 254 1053 300 appetibilibus,
1068 254 1160 288 sicut
1174 254 1290 300 prima
1304 255 1479 301 principia
1498 255 1849 292 demonstrationum

281 308 318 342 in
339 307 639 354 intelligibilibu53
659 316 694 342 et
714 307 963 342 universaliter
985 308 1108 342 omnia
1127 307 1200 351 illa,
1219 320 1309 355 quae
1329 309 1549 344 conveniunt
1568 310 1706 345 volenti
1727 323 1852 346 secun-

287 361 374 395 dum
396 373 499 396 suam
521 370 707 396 naturam:
734 373 807 395 non
830 361 927 395 enim
953 372 1016 407 per
1041 361 1267 396 voluntatem
1295 362 1496 409 appetimus
1523 363 1642 397 solum
1670 376 1731 407 ea;
1758 376 1850 411 quae

282 415 460 461 pertinent
479 415 522 449 ad
540 415 739 461 potentiam
758 414 966 456 voluntatis,
993 415 1054 449 sed
1082 415 1191 449 etiam
1218 427 1271 458 ea,
1298 427 1390 462 quae
1416 416 1595 462 pertinent
1621 417 1664 451 ad
1691 417 1850 463 singulas

281 469 472 514 potentias,
499 477 533 503 et
560 468 603 502 ad
630 476 749 502 totum
774 468 989 510 hominem3
1016 468 1110 502 unde
1136 469 1347 503 naturaliter
1373 470 1488 503 homo
1514 469 1591 504 vult
1622 482 1697 505 non
1730 470 1850 505 solum

283 522 465 567 objectum
492 521 699 562 voluntatis,
721 520 783 555 sed
806 521 914 554 etiam
943 520 1023 563 alia,
1051 533 1143 567 quae
1170 523 1391 556 conveniunt
1417 522 1495 556 aliis
1521 524 1708 568 potentiis;
1735 533 1773 558 ut
1794 536 1852 559 co-

283 575 483 621 gnitionem
508 575 594 616 veri,
621 585 712 620 quae
747 574 917 608 convenit
942 574 1160 617 intellectui;
1187 584 1222 610 et
1247 587 1336 618 esse,
1365 584 1399 610 et
1423 575 1556 618 vivere,
1583 584 1618 610 et
1641 577 1851 623 hujusmodi

283 628 364 671 alia,
383 640 474 675 quae
496 628 691 674 respiciunt
713 628 985 662 consistentiam
1006 628 1227 664 naturalem:
1250 641 1341 675 quae
1356 629 1480 663 omnia
1495 630 1850 676 comprehenduntur

282 683 345 717 sub
369 683 511 728 objecto
533 681 740 723 voluntatis,
763 682 855 716 sicut
876 682 1053 728 quaedam
1077 682 1306 728 particularia
1327 683 1434 717 bona.

353 736 412 770 AD
434 746 583 770 PRmt‘M
603 746 688 780 ergo
705 735 910 777 dicendum,
926 735 1022 781 quod
1040 735 1208 770 voluntas
1230 736 1398 770 dividitur
1417 744 1543 770 contra
1561 744 1740 779 naturam,
1758 737 1851 772 sicut

282 801 352 823 una
387 801 494 823 causa
522 797 647 822 contra
682 788 802 822 aliam.
830 789 1005 833 Quaedam
1032 789 1129 823 enim
1156 789 1245 823 fiunt
1269 789 1490 832 naturaliter,
1517 798 1552 824 et
1576 790 1736 836 quaedam
1761 790 1851 825 fiunt

281 843 501 877 voluntarie:
526 850 578 876 est
599 849 720 875 autem
743 841 832 876 alius
854 842 985 876 modus
1008 843 1178 876 causandi
1200 843 1364 889 proprius
1391 843 1580 886 voluntati,
1603 855 1693 890 quae
1713 852 1765 878 est
1790 845 1850 879 do-

282 897 380 930 mina
402 897 455 930 sui
478 903 588 937 actus,
611 903 752 941 praeter
775 895 939 938 modum,
967 896 1027 942 qui
1049 896 1219 930 convenit
1240 905 1400 939 naturae,
1424 907 1515 943 quae
1538 905 1592 931 est
1612 897 1850 932 determinata

282 950 325 984 ad
353 961 475 983 unum.
511 949 581 983 Sed
615 949 698 994 quia
724 948 892 983 voluntas
918 950 953 983 in
982 949 1101 995 aliqua
1121 957 1255 983 natura
1280 949 1461 992 fundatur,
1487 961 1636 984 necesse
1663 959 1726 993 est,
1753 951 1849 997 quod

282 1003 411 1037 modus
434 1002 598 1049 proprius
621 1010 782 1045 naturae,
805 1011 980 1048 quantum
1004 1003 1047 1036 ad
1070 1002 1216 1048 aliquid,
1238 1003 1470 1050 participetur
1491 1015 1511 1037 a
1531 1003 1735 1038 voluntate:
1758 1004 1850 1039 sicut

280 1057 376 1103 quod
396 1064 448 1090 est
465 1056 593 1102 prioris
612 1067 754 1097 causae,
773 1056 1006 1102 participatur
1025 1068 1045 1090 a
1063 1057 1265 1102 posteriori.
1285 1056 1348 1091 Est
1361 1056 1459 1090 enim
1472 1057 1570 1104 prius
1583 1057 1620 1091 in
1635 1069 1849 1104 unaquaque

281 1122 317 1144 re
339 1111 456 1156 ipsum
479 1121 567 1152 esse,
590 1109 686 1155 quod
708 1117 762 1143 est
782 1121 845 1155 per
865 1118 1043 1152 naturam,
1067 1121 1176 1156 quam
1198 1109 1303 1152 velle,
1331 1110 1428 1156 quod
1450 1118 1503 1145 est
1523 1121 1586 1157 per
1606 1110 1849 1155 voluntatem3

281 1173 315 1199 et
335 1164 417 1198 inde
437 1172 499 1206 est,
522 1164 619 1210 quod
640 1163 809 1198 voluntas
830 1164 1040 1198 naturaliter
1067 1164 1201 1210 aliquid
1223 1163 1310 1199 vult.

352 1219 411 1254 AD
434 1230 641 1254 SECUNDUM
664 1219 869 1261 dicendum,
889 1219 986 1265 quod
1007 1219 1043 1252 in
1062 1219 1166 1252 rebus
1184 1218 1406 1252 naturalibus
1424 1218 1471 1261 id,
1491 1218 1587 1264 quod
1606 1226 1659 1253 est
1675 1218 1849 1262 naturale,

281 1273 382 1319 quasi
409 1283 634 1318 consequens
660 1271 818 1306 formam
844 1280 997 1314 tanturn,
1024 1283 1168 1318 semper
1199 1279 1280 1306 actu
1314 1272 1425 1315 inest;
1452 1272 1544 1306 sicut
1570 1271 1729 1306 calidum
1753 1273 1848 1318 igni3

280 1327 377 1373 quod
399 1334 520 1360 autem
542 1335 595 1360 est
615 1326 789 1368 naturale,
812 1326 904 1360 sicut
925 1338 1151 1372 consequens
1170 1326 1373 1368 materiam,
1391 1337 1466 1360 non
1485 1337 1627 1372 semper
1646 1333 1727 1360 actu
1745 1326 1848 1369 inest,

281 1380 342 1414 sed
365 1380 581 1426 quandoque
604 1380 803 1414 secundum
825 1380 1025 1426 potentiam
1052 1388 1210 1422 tantum3
1231 1391 1317 1413 nam
1340 1379 1457 1413 forma
1479 1388 1532 1414 est
1553 1388 1676 1422 actus;
1697 1380 1849 1413 materia

280 1445 366 1468 vero
386 1434 562 1480 potentia:
587 1441 708 1468 motus
727 1442 847 1467 autem
867 1442 920 1468 est
937 1439 1028 1468 actus
1042 1435 1202 1468 existentis
1221 1435 1409 1479 inpotentia
1430 1433 1538 1479 (Phys.
1557 1433 1614 1468 lib.
1629 1434 1686 1479 3.).
1705 1432 1750 1467 Et
1765 1433 1848 1467 ideo

281 1487 353 1529 illa,
376 1499 466 1533 quae
493 1487 672 1534 pertinent
694 1486 736 1521 ad
759 1495 912 1529 motum,
939 1487 997 1521 vel
1023 1498 1114 1533 quae
1141 1495 1337 1532 sequuntur
1363 1494 1505 1520 motum
1527 1486 1563 1519 in
1584 1486 1689 1520 rebus
1709 1495 1850 1520 natura-

280 1541 384 1582 libus,
402 1552 476 1574 non
491 1552 634 1586 semper
647 1541 782 1574 insunt:
800 1541 892 1574 sicut
910 1541 1002 1586 ignis
1016 1552 1090 1574 non
1110 1551 1252 1586 semper
1270 1547 1438 1574 movetur
1455 1550 1610 1582 sursum,
1624 1539 1686 1573 sed
1703 1540 1847 1586 quando

282 1602 335 1628 est
357 1602 454 1628 extra
476 1593 599 1628 locum
622 1605 738 1628 suum.
766 1594 810 1627 Et
831 1594 995 1628 similiter
1016 1605 1090 1628 non
1113 1601 1267 1640 oportet,
1290 1593 1387 1639 quod
1408 1593 1588 1636 voluntas,
1611 1604 1702 1640 quae
1724 1593 1767 1627 de
1788 1605 1850 1640 po-

280 1648 390 1682 tentia
417 1648 453 1681 in
480 1656 600 1681 actum
628 1647 819 1689 reducitur,
847 1648 933 1681 dum
961 1647 1094 1693 aliquid
1120 1646 1208 1689 vult,
1236 1658 1380 1693 semper
1407 1655 1488 1681 actu
1514 1646 1612 1689 velit,
1639 1646 1701 1681 sed
1727 1646 1846 1682 solum

280 1702 424 1748 quando
447 1709 500 1735 est
521 1701 556 1734 in
579 1701 698 1747 aliqua
721 1701 957 1747 dispositione
979 1701 1235 1736 determinata:
1257 1700 1426 1735 voluntas
1447 1709 1568 1736 autern
1586 1701 1667 1744 Dei,
1685 1713 1776 1748 quae
1795 1709 1848 1739 est

282 1763 381 1789 actus
403 1766 523 1801 purus,
546 1766 688 1801 semper
710 1763 763 1788 est
783 1755 819 1788 in
842 1763 923 1789 actu
944 1755 1103 1789 volendi.

351 1809 410 1843 AD
433 1819 605 1842 TERTxuM
628 1808 833 1850 dicendum,
856 1809 953 1854 quod
975 1820 1118 1855 semper
1135 1817 1285 1843 naturae
1303 1808 1497 1855 respondet
1514 1820 1626 1842 unum
1648 1809 1849 1856 proportio-

279 1870 404 1897 natum
425 1870 593 1897 naturae:
616 1870 764 1896 naturae
787 1862 883 1896 enim
910 1863 945 1896 iu
973 1873 1104 1908 genere
1131 1862 1324 1909 respondet
1351 1862 1484 1909 aliquid
1506 1874 1619 1896 unum
1639 1861 1676 1896 in
1698 1873 1847 1909 genere3

280 1926 315 1951 et
335 1925 483 1950 naturae
506 1917 542 1950 in
569 1916 689 1962 specie
712 1924 881 1962 acceptae
904 1916 1097 1962 respondet
1123 1928 1235 1950 unum
1257 1916 1292 1950 in
1315 1917 1455 1962 specie;
1481 1924 1630 1951 naturae
1657 1925 1778 1950 autem
1799 1917 1849 1950 in-

279 1971 482 2004 dividuatae
517 1970 711 2016 respondet
745 1969 878 2016 aliquid
912 1982 1025 2003 unum
1058 1969 1298 2012 individuale3
1334 1981 1418 2004 cum
1450 1970 1558 2016 igitur
1590 1969 1759 2004 voluntas
1803 1970 1847 2004 sit

281 2024 458 2070 quaedam
481 2024 533 2057 vis
556 2023 817 2065 immaterialis,
839 2024 931 2057 sicut
952 2032 986 2058 et
1007 2023 1221 2066 intellectus,
1248 2024 1442 2070 respondet
1467 2023 1533 2058 sibi
1559 2023 1621 2069 [al.
1642 2024 1686 2069 ei]
1708 2031 1848 2058 natura-

279 2078 359 2112 liter
381 2077 526 2124 aliquod
549 2089 660 2111 unum
684 2089 892 2119 commune,
912 2077 1050 2112 scilicet
1068 2078 1224 2119 bonum3
1247 2078 1339 2112 sicut
1357 2077 1466 2112 etiam
1483 2077 1682 2111 intellectui
1701 2077 1846 2123 aliquod

280 2144 391 2166 unum
419 2143 614 2166 commune
644 2131 704 2176 [al.
733 2132 865 2178 aliquod
892 2132 1041 2177 1⁷0nmn]‚
1068 2131 1207 2166 scilicet
1232 2143 1371 2174 verum,
1397 2130 1455 2165 vel
1482 2142 1556 2173 ens,
1581 2130 1640 2165 vel
1673 2131 1845 2177 quidquid

280 2194 333 2220 est
345 2185 565 2231 hujusmodi.
581 2186 653 2219 Sub
669 2186 766 2219 bono
783 2193 903 2219 autem
920 2186 1109 2219 communi
1124 2185 1238 2220 multa
1251 2184 1480 2232 particularia
1493 2185 1590 2219 bona
1605 2185 1845 2227 continentur,

281 2240 324 2274 ad
347 2250 501 2286 quorum
524 2239 665 2273 nullum
687 2239 855 2273 voluntas
878 2239 1173 2273 determinantur.

855 2355 1202 2401 ARTICULUS
1237 2356 1292 2399 Π.
1799 2366 1842 2413 63

296 2452 449 2482 UTRUM
474 2452 709 2483 VOLUNTAS
744 2452 984 2481 MOVEATUR
1018 2452 1074 2480 DE
1106 2451 1404 2481 NECESSITATE
1437 2451 1464 2480 A
1497 2451 1580 2480 SUO
1617 2450 1826 2493 OBJECTO.

502 2529 602 2573 (Insr.
625 2541 654 2575 q.
677 2530 720 2564 So
743 2534 806 2563 art.
835 2541 861 2563 r.
884 2529 1047 2575 corp.fin.
1069 2534 1097 2563 ct
1115 2534 1206 2575 part.
1230 2541 1255 2563 1.
1279 2541 1308 2574 q.
1330 2529 1384 2563 82.
1407 2533 1471 2563 art.
1490 2540 1517 2563 Ι.
1539 2532 1568 2562 ct
1589 2539 1619 2562 2.

534 2589 563 2618 ct
592 2584 678 2618 Veri.
701 2596 731 2629 q.
754 2595 805 2618 22.
829 2588 892 2617 art.
912 2595 940 2629 j.
963 2588 989 2617 cl
1012 2585 1044 2617 6.
1068 2589 1094 2617 cl
1118 2584 1200 2617 Mal.
1220 2596 1248 2629 q.
1273 2584 1306 2619 6.
1328 2588 1392 2618 art.
1415 2595 1447 2629 9.
1469 2587 1499 2618 ct
1517 2582 1595 2626 10.)-

352 2668 410 2702 ΑΙ)
434 2678 639 2702 SECUNDUM
663 2667 711 2700 sic
736 2666 951 2713 proceditur.
973 2665 1135 2708 Videtur,
1159 2667 1255 2712 quod
1277 2666 1444 2701 voluntas
1467 2666 1510 2701 de
1530 2665 1744 2700 necessitate
1771 2676 1846 2698 mo-

280 2730 404 2755 veatur
426 2732 444 2754 a
467 2732 532 2755 suo
555 2721 718 2765 object03
741 2721 922 2765 objectum
946 2720 1042 2754 enini
1070 2720 1263 2754 voluntatis
1287 2729 1519 2767 comparatur
1540 2719 1583 2754 ad
1605 2720 1732 2766 ipsam,
1754 2719 1846 2753 sicut

281 2775 457 2809 motivum
494 2776 536 2809 ad
565 2775 710 2817 mobile,
738 2783 774 2809 ut
801 2783 897 2821 patet
923 2775 957 2808 in
990 2786 1016 2820 3.
1044 2775 1086 2809 de
1115 2775 1248 2808 Anima
1283 2776 1361 2820 (Itur.
1386 2776 1478 2821 54.):
1509 2775 1570 2809 sed
1598 2774 1787 2814 motivum,
1815 2773 1844 2807 si

281 2829 324 2862 sit
350 2828 541 2871 sufficiens,
569 2841 609 2863 ex
636 2829 849 2863 necessitate
871 2836 995 2862 movet
1017 2828 1171 2870 mobile3
1194 2840 1280 2874 ergo
1304 2828 1471 2863 voluntas
1493 2839 1536 2863 ex
1556 2827 1769 2862 necessitate
1785 2838 1845 2873 po-

281 2891 347 2917 test
369 2883 508 2917 moveri
531 2894 549 2917 a
572 2894 637 2917 suo
658 2883 812 2928 objecto.
