1907 3198
491 190 714 227 QUAEsrlo
747 189 867 220 Lxm.
901 188 1148 220 ARTICULUS
1182 189 1210 219 1.
1559 189 1642 233 433

651 379 1001 426 ARTICULUS
1031 379 1064 424 1.
1581 402 1644 439 331

388 501 543 532 UTRUM
574 501 732 532 VIRTUS
767 501 883 533 INSIT
916 500 1046 532 NOBIS
1079 500 1108 530 A
1138 500 1333 531 NATURA.

149 602 265 651 (Supr.
282 613 313 650 q.
331 613 378 649 51.
401 607 466 637 art.
488 614 516 637 1.
538 606 568 637 et
588 613 653 637 2-2.
676 613 707 648 q.
728 612 784 648 47.
805 606 868 636 art.
892 613 935 648 15.
958 606 990 636 et
1010 611 1043 646 4.
1065 600 1154 635 Dist.
1172 611 1218 647 33.
1242 611 1274 646 q.
1295 612 1322 635 1.
1342 605 1408 635 art.
1430 611 1462 635 2.
1484 599 1528 635 ad
1548 612 1576 636 Ι.

327 660 357 692 et
379 655 466 691 Veri.
488 667 519 703 q.
541 668 569 692 ι.
587 661 652 691 art.
674 668 706 691 2.
728 661 759 691 et
783 655 860 692 Gal.
884 655 954 691 lect.
977 654 1010 690 6.
1032 659 1063 690 et
1083 665 1114 690 2.
1137 654 1215 690 Eth.
1239 654 1311 690 lect.
1331 654 1389 700 1.).

142 757 204 795 AD
225 768 376 794 PRIMUM
397 758 450 794 sic
471 759 691 806 proceditur.
710 758 874 801 Videtur,
890 758 987 806 quod
1006 758 1117 793 virtus
1132 758 1177 793 sit
1190 758 1227 792 in
1242 757 1348 792 nobis
1362 768 1382 792 a
1396 765 1545 792 natura:
1564 757 1652 792 dicit

72 812 172 848 enim
191 812 413 848 Damascen.
435 812 471 847 in
491 824 518 860 3.
535 813 594 847 lib.
619 813 736 858 (Orth.
753 813 830 848 Fid.
847 820 919 861 cap.
941 824 993 858 14.
1008 814 1067 848 cir.
1075 813 1178 859 fin.):
1202 812 1383 848 Naturales
1403 817 1479 847 sunt
1500 813 1650 854 virtutes,

71 872 103 903 et
122 867 306 914 aequaliter
319 868 430 902 insunt
444 868 607 902 omnibus.
630 867 676 902 Et
697 868 833 903 Anton.
857 867 944 902 dicit
965 867 1001 901 in
1023 877 1130 902 serm.
1151 866 1195 900 ad
1221 866 1408 902 Monach.:
1429 866 1466 901 Si
1492 871 1652 901 naturam

71 921 227 957 voluntas
246 923 439 964 mutaverit,
458 923 663 970 perversitas
683 928 749 958 est.-
772 921 915 958 conditio
934 927 1099 964 servetur,
1121 927 1151 956 et
1176 922 1287 956 virtus
1313 927 1368 956 est.
1396 920 1440 955 Et
1461 920 1590 955 Matth.
1617 930 1652 964 4.

11 1023 13 1026 Α
72 986 180 1023 super
199 974 308 1011 illud:
326 976 504 1012 Circuibat
512 977 602 1021 Jesus
616 976 744 1020 docens,
760 984 837 1020 etc.,
849 976 935 1010 dicit
950 975 1052 1010 Glos.
1064 975 1183 1021 (ord.):
1195 976 1300 1010 Docet
1318 974 1485 1010 naturales
1499 976 1650 1018 virtutes,

71 1029 215 1066 scilicet:
232 1031 414 1076 justitiam,
437 1032 631 1073 castitatem,
655 1031 888 1073 lmmilitatem,
915 1041 996 1076 quas
1017 1030 1219 1065 naturaliter
1240 1029 1334 1064 habet
1352 1029 1459 1063 homo.

145 1093 177 1118 2.
198 1083 438 1120 PRAETEREA.
462 1084 606 1120 Bonum
627 1084 767 1119 virtutis
792 1092 845 1119 est
866 1084 1068 1118 secundum
1091 1084 1271 1118 rationem
1294 1094 1385 1126 esse,
1412 1091 1451 1117 ut
1478 1094 1520 1118 ex
1548 1082 1652 1118 dictis

11 1134 22 1171 .“
72 1146 170 1186 patet
199 1138 247 1185 (q.
263 1150 308 1186 55.
327 1143 394 1174 art.
416 1150 449 1184 4.
472 1138 525 1174 ad.
547 1141 612 1184 2.).·
635 1138 697 1174 sed
719 1139 767 1181 id,
789 1138 887 1185 quod
910 1147 963 1172 est
985 1138 1188 1172 secundum
1210 1137 1403 1180 rationem,
1431 1145 1484 1172 est
1509 1137 1655 1172 homini

73 1191 258 1236 naturale;
281 1203 366 1227 cum
387 1193 479 1228 ratio
501 1193 547 1228 sit
568 1193 730 1228 hominis
752 1200 900 1234 natura;
923 1203 1011 1238 ergo
1034 1193 1145 1226 virtus
1168 1193 1261 1226 inest
1281 1191 1425 1226 homini
1448 1202 1467 1225 a
1489 1199 1628 1226 natura.

150 1256 179 1292 3.
206 1245 445 1281 PRAETEREA.
467 1245 561 1281 Illud
583 1246 711 1281 dicitur
733 1256 812 1280 esse
834 1244 939 1279 nobis
960 1243 1137 1286 naturale,
1160 1244 1258 1290 quod
1284 1244 1391 1278 nobis
1419 1255 1439 1278 a
1465 1244 1654 1279 nativitate

75 1299 188 1334 inest:
211 1299 274 1334 sed
295 1299 444 1334 virtutes
466 1299 683 1346 quibusdam
705 1311 725 1333 a
742 1298 931 1334 nativitate
953 1298 1091 1333 insunt:
1107 1298 1238 1332 dicitur
1260 1298 1358 1332 enin]
1369 1298 1436 1344 Job
1457 1309 1521 1344 315
1537 1299 1591 1334 Ab
1606 1299 1656 1333 in-

74 1353 186 1398 fantia
205 1354 313 1389 crevit
332 1365 460 1389 mecum
481 1355 662 1397 miseratio,
684 1358 715 1389 et
735 1353 772 1388 de
797 1358 890 1388 utero
913 1363 1039 1399 egressa
1060 1357 1105 1387 est
1126 1364 1253 1388 mecum
1264 1365 1276 1394 ;
1306 1363 1394 1399 ergo
1420 1352 1534 1387 virtus
1560 1352 1655 1387 inest

75 1406 219 1442 homini
240 1418 260 1442 a
281 1415 420 1442 natura.

149 1459 225 1496 SED
247 1471 416 1497 CONTRA.
445 1461 498 1504 Id,
528 1461 626 1509 quod
658 1461 754 1496 inest
781 1460 927 1496 homini
955 1471 976 1495 a
997 1468 1138 1502 natura,
1165 1468 1219 1495 est
1245 1460 1416 1495 omnibus
1441 1459 1654 1496 hominibus

0 1443 26 1525 ἦ
77 1525 291 1559 commune,
313 1523 349 1551 et
368 1526 445 1550 non
465 1515 605 1551 tollitur
625 1527 689 1563 per
709 1523 922 1563 peccatum:
945 1514 1030 1562 quia
1052 1514 1163 1549 etiam
1184 1515 1220 1549 in
1246 1514 1459 1550 daemonibus
1486 1515 1572 1550 bona
1597 1527 1655 1550 na-

4 1556 49 1781 ²
77 1568 204 1604 turalia
223 1574 373 1613 manent,
395 1577 434 1604 ut
453 1569 565 1604 Dion.
587 1569 675 1604 dicit
693 1569 731 1604 in
752 1579 785 1613 4.
809 1580 887 1615 cap.
915 1568 960 1604 de
986 1568 1068 1603 Div.
1096 1568 1207 1603 Nom.
1235 1568 1327 1614 (lect.
1354 1569 1440 1614 16.):
1459 1569 1522 1604 scd
1536 1568 1651 1604 virtus

75 1636 151 1660 non
172 1625 266 1660 inest
286 1624 457 1660 omnibus
477 1624 701 1668 hominibus,
723 1632 759 1660 et
780 1624 945 1671 abjicitur
967 1635 1031 1670 per
1048 1632 1259 1671 peccatum;
1281 1634 1369 1670 ergo
1388 1634 1463 1658 non
1481 1623 1575 1658 inest
1591 1623 1655 1658 ho-

76 1678 167 1714 mini
189 1690 210 1714 a
229 1686 370 1714 natura.
663 1722 670 1728 ι

147 1733 380 1769 ΚΕεΡοΝΒΕο
403 1733 612 1776 dicendum,
634 1732 732 1780 quod
748 1732 844 1767 circa
865 1731 1002 1767 formas
1017 1731 1226 1779 corporales
1241 1732 1348 1778 aliqui
1362 1731 1539 1774 dixerunt,
1554 1732 1652 1779 quod

9 1806 14 1813 ·
76 1795 162 1824 sunt
173 1787 333 1823 totaliter
347 1787 390 1822 ab
404 1787 602 1823 intrinseco
615 1800 623 1830 ;
638 1787 730 1822 sicut
743 1795 921 1834 ponentes
934 1786 1179 1821 latitationem
1194 1785 1417 1821 formarum:
1434 1787 1541 1833 aliqui
1554 1797 1654 1829 vero,

10 1811 34 1895 ξ
76 1841 175 1890 quod
195 1841 356 1877 totaliter
377 1850 461 1877 sunt
481 1842 524 1877 ab
549 1842 774 1884 extrinsec0;
796 1841 889 1876 sicut
909 1849 1087 1888 ponentes
1108 1839 1246 1875 formas
1269 1840 1478 1887 corporales
1505 1852 1584 1876 esse
1612 1841 1654 1876 ab

76 1895 198 1943 aliqua
221 1907 331 1931 causa
352 1905 536 1944 separata:
559 1897 666 1943 aliqui
687 1907 788 1938 vero,
811 1895 907 1942 quod
923 1895 1055 1942 partim
1071 1895 1142 1930 sint
1157 1895 1198 1929 ab
1216 1895 1425 1938 intrinseco,
1439 1895 1655 1942 inquantum

0 1995 1 2002 ἵ
77 1949 218 1986 scilicet
229 1951 475 1997 praeexistunt
486 1951 523 1986 in
538 1950 690 1986 materia
704 1950 741 1984 in
755 1950 938 1996 potentia;
953 1957 988 1984 et
1001 1950 1132 1996 partim
1147 1949 1189 1983 ab
1209 1949 1424 1992 extrinseco,
1438 1950 1655 1997 inquantum

0 2006 2 2015 '
30 2026 34 2036 ·
77 2004 217 2041 scilicet
237 2005 458 2041 reducuntur
479 2005 523 2040 ad
546 2013 668 2040 actum
691 2015 754 2052 per
776 2015 898 2051 agens.
921 2004 975 2038 Ita
997 2005 1106 2038 etiam
1130 2003 1225 2038 circa
1248 2003 1428 2047 scientias,
1451 2012 1486 2039 et
1503 2004 1654 2039 virtutes

32 2077 37 2084 ·
78 2059 184 2106 aliqui
204 2059 352 2107 quidem
373 2067 585 2106 posuerunt,
612 2070 672 2094 eas
699 2058 859 2093 totaliter
892 2069 970 2093 esse
1001 2057 1043 2092 ab
1073 2057 1289 2092 intrinseco:
1314 2058 1363 2092 ita
1393 2057 1532 2093 scilicet
1557 2058 1655 2104 quod

79 2124 209 2149 ornnes
229 2113 390 2157 virtutes,
413 2121 448 2149 et
467 2113 642 2149 scientiae
664 2112 876 2148 naturaliter
902 2112 1147 2159 praeexistunt
1168 2112 1204 2146 in
1228 2114 1362 2155 anima,
1384 2113 1447 2148 sed
1470 2124 1532 2160 per
1554 2113 1656 2148 disci-

78 2167 228 2216 plinam,
249 2175 285 2203 et
305 2167 516 2203 exercitium
539 2167 800 2215 impedimenta
827 2167 1012 2209 scientiae,
1039 2175 1074 2201 et
1100 2167 1240 2202 virtutis
1266 2166 1455 2210 tolluntur,
1478 2179 1570 2214 quae
1598 2167 1656 2202 ad-

79 2222 230 2258 veniunt
251 2222 395 2258 animae
416 2233 460 2257 ex
481 2222 645 2269 corporis
668 2222 863 2269 gravitate:
895 2221 988 2256 sicut
1017 2232 1102 2255 cum
1125 2220 1261 2256 ferrum
1288 2220 1507 2256 clarificatur
1528 2233 1592 2269 per
1618 2221 1656 2256 li-

79 2276 301 2312 mationem:
323 2284 359 2312 et
378 2276 470 2311 haec
491 2275 559 2311 fuit
579 2276 705 2323 opinio
727 2275 1016 2310 Platonicorum.
1039 2275 1112 2310 Alii
1133 2286 1221 2310 vero
1245 2275 1420 2318 dixerunt,
1447 2276 1546 2323 quod
1572 2284 1656 2311 sunt

78 2330 238 2366 totaliter
252 2330 295 2366 ab
310 2330 526 2374 extrinseco,
541 2330 633 2365 idest
645 2342 685 2366 ex
697 2330 871 2376 influentia
888 2329 1118 2375 intelligentiae
1133 2331 1268 2375 agentis,
1285 2337 1323 2364 ut
1336 2330 1439 2376 ponit
1453 2330 1654 2365 Avicenna.

79 2386 154 2422 Alii
174 2396 262 2420 vero
289 2385 466 2428 dixerunt,
496 2385 593 2432 quod
621 2385 823 2420 secundum
854 2383 1093 2431 aptitudinem
1121 2383 1306 2426 scientiae,
1333 2384 1482 2419 virtutes
1510 2392 1593 2419 sunt
1618 2385 1654 2419 in

79 2439 185 2476 nobis
206 2451 227 2474 a
247 2446 388 2482 natura,
408 2450 484 2474 non
515 2447 636 2474 autem
667 2437 868 2474 secundum
897 2437 1173 2484 perfectionem,
1196 2446 1234 2472 ut
1263 2437 1478 2485 Philosoph.
1507 2438 1593 2472 dicit
1620 2439 1655 2472 in

81 2503 113 2530 2.
133 2493 295 2529 Ethicor.
317 2494 408 2541 (cap.
426 2506 454 2529 1.
476 2494 556 2529 circ.
572 2493 717 2540 princ),
741 2500 776 2527 et
797 2492 868 2526 hoc
890 2491 1010 2526 verius
1032 2500 1096 2527 est.
1120 2491 1177 2526 Ad
1198 2492 1300 2538 cujus
1319 2491 1655 2527 manifestationem

80 2556 226 2596 oportet
245 2547 489 2590 considerare,
516 2546 614 2594 quod
641 2546 776 2593 aliquid
803 2545 933 2580 dicitur
959 2545 1067 2580 alicui
1093 2545 1236 2580 homini
1263 2545 1426 2580 naturale
1453 2546 1653 2593 dupliciter:

79 2613 146 2638 uno
166 2601 263 2637 modo
285 2612 327 2636 ex
353 2609 482 2636 natura
507 2601 659 2648 speciei:
691 2601 758 2635 alio
789 2599 884 2635 modo
911 2612 954 2634 ex
980 2608 1109 2634 natura
1135 2600 1330 2634 individui:
1358 2609 1393 2635 et
1419 2602 1502 2647 qu⁷a
1530 2612 1657 2635 unum-

81 2655 251 2704 quodque
271 2655 381 2691 habet
394 2655 554 2703 speciem
569 2655 771 2690 secundum
786 2665 891 2689 suam
906 2653 1077 2697 formam,
1092 2654 1335 2689 individuatur
1349 2667 1436 2689 vero
1452 2655 1653 2689 secundum

21 2748 22 2753 ¹
81 2709 286 2753 materiam,
306 2708 426 2745 forma
452 2720 539 2744 vero
566 2709 728 2744 hominis
755 2716 809 2744 est
834 2708 956 2743 anima
983 2708 1181 2751 rationalis,
1213 2709 1365 2743 materia
1395 2720 1482 2743 vcro
1511 2720 1655 2756 corpus,

20 2767 23 2769 ’
59 2763 164 2811 Ι,ἰᾰιῐο
186 2763 221 2799 id
242 2764 340 2811 quod
362 2763 534 2799 convenit
553 2763 695 2798 homini
717 2762 919 2798 secundum
942 2763 1104 2797 animam
1127 2762 1355 2804 rationalem,
1370 2771 1422 2797 est
1445 2763 1477 2797 ei
1492 2762 1655 2798 naturale

70 2817 284 2854 saecundum
301 2817 481 2853 rationem
502 2817 660 2864 speciei3
683 2817 717 2852 id
739 2828 826 2852 vero
849 2816 946 2864 quod
969 2825 1023 2852 est
1038 2817 1071 2852 ei
1085 2817 1248 2852 naturale
1268 2817 1469 2852 secundum
1489 2817 1656 2852 determi-

75 2869 208 2907 ’natam
226 2873 389 2919 corporis
410 2870 720 2919 complexionem,
742 2879 796 2906 est
817 2872 848 2906 ei
870 2871 1034 2906 naturale
1058 2872 1258 2907 secundum
1280 2879 1449 2905 naturam
1467 2871 1654 2914 individui,

83 2925 180 2975 quod
202 2925 302 2962 enim
323 2935 378 2962 est
396 2925 559 2962 naturale
580 2925 723 2960 homini
750 2937 791 2960 cx
819 2933 919 2972 parte
947 2926 1110 2973 corporis
1136 2925 1339 2960 secundum
1366 2925 1538 2973 speciem,
1564 2938 1654 2976 quo-
