1907 3182
231 172 317 226 264
642 180 863 216 QUAEsrto
897 162 1028 210 xxxv}
1061 178 1305 209 ARTICULUS
1340 178 1384 209 11.

303 275 331 309 3.
353 263 589 298 PRAETEREA.
611 261 730 296 Dolor
750 272 824 295 non
845 260 987 295 videtur
1010 259 1184 306 consequi
1213 259 1283 293 nisi
1310 270 1457 293 sensum
1484 266 1618 295 tactus:
1649 256 1721 294 sed*
1737 259 1794 294 tri-

229 317 323 352 stitia
343 324 462 363 potest
483 315 656 361 consequi
674 326 716 349 ex
738 315 905 349 omnibus
927 313 1108 355 sensibus余
1131 323 1218 358 ergo
1240 312 1381 347 tristitia
1402 323 1477 346 non
1505 320 1559 347 est
1588 313 1704 355 dolor,
1729 312 1792 347 sed

230 382 268 406 se
289 371 398 405 habet
419 371 455 404 in
474 369 644 416 pluribus.

301 424 375 458 SED
398 434 553 458 CONTRA
572 430 635 464 est,
658 421 754 468 quod
777 420 943 467 Apostol.
967 420 1053 454 dicit
1076 419 1119 453 ad
1137 419 1246 453 Rom.
1265 430 1315 465 9.:
1338 419 1490 454 Tristitia
1504 424 1548 454 est
1560 420 1643 454 mihi
1655 431 1791 466 magna,

231 483 259 513 et
279 479 451 513 continuus
472 476 565 510 dolor
583 475 676 510 cordi
696 486 778 517 meo,
798 485 862 520 pro
885 473 1015 508 eodem
1038 481 1140 506 utens
1162 472 1315 517 tristitia,
1338 479 1373 506 et
1394 472 1531 506 dolore.

299 531 528 565 RESPONDEO
546 528 751 569 dicendum,
775 527 871 573 quod
893 526 1098 567 delectatiO,
1120 533 1155 559 et
1175 525 1281 559 dolor
1302 536 1344 559 ex
1365 525 1487 571 duplici
1505 525 1793 572 apprehensione

229 585 369 620 causari
389 591 554 630 possunt:
576 582 628 616 vel
650 593 691 615 ex
714 579 1001 626 apprehensione
1024 579 1209 613 exterioris
1231 589 1367 620 sensus,
1381 579 1433 613 vel
1448 589 1490 612 ex
1505 579 1794 625 apprehensione

229 638 391 673 interiori
403 637 477 671 sive
488 635 702 676 intellectus,
713 635 786 668 sive
798 633 1080 679 imaginationis:
1091 632 1240 666 interior
1251 639 1372 666 autem
1384 632 1626 678 apprehensio
1637 632 1681 667 ad
1691 632 1794 678 plura

229 704 266 726 se
281 691 447 732 extendit,
463 701 571 735 quam
583 688 747 728 exterior,
759 698 803 721 eo
819 686 915 732 quod
931 697 1181 732 quaecumque
1196 686 1330 719 cadunt
1343 685 1406 719 sub
1422 685 1590 720 exteriori
1600 686 1796 732 apprehen-

229 746 342 786 sione,
369 744 501 778 cadunt
521 742 584 776 sub
607 740 788 775 interiori:
811 740 873 774 sed
894 751 969 773 non
992 750 1010 773 e
1037 750 1232 773 converso:
1260 738 1339 772 sola
1364 739 1473 784 igitur
1497 739 1560 773 illa
1589 739 1794 781 delectatio,

230 810 320 845 quae
336 809 377 832 ex
390 796 551 831 interiori
573 794 860 841 apprehensione
880 801 1058 834 causatur,
1071 792 1230 838 gaudium
1249 792 1470 834 nominatur,
1484 800 1523 826 ut
1536 804 1644 839 supra
1657 793 1795 828 dictum

230 860 283 886 est
304 852 351 897 (q.
370 864 416 897 31.
439 855 503 885 art.
522 850 582 895 3.),
606 857 640 882 et
666 847 829 881 similiter
856 846 915 880 ille
946 846 1044 880 solus
1067 845 1183 888 dolor,
1199 846 1316 891 quiex
1331 846 1619 892 apprehensione
1632 847 1797 881 interiori

231 914 408 946 causatur,
434 903 643 937 nominatur
670 902 816 936 tristitia.
844 900 888 934 Et
913 900 1006 934 sicut
1031 899 1092 933 illa
1119 898 1324 941 delectatio,
1350 910 1442 945 quae
1469 910 1512 933 ex
1538 900 1707 934 exteriori
1738 912 1796 946 ap-

231 958 471 1005 prehensione
493 963 671 997 causatur,
693 954 860 989 delectatio
886 953 1032 999 quidem
1053 954 1274 994 nominatur,
1297 964 1372 986 non
1395 960 1517 987 autem
1536 953 1717 999 gaudium:
1745 954 1795 987 ita

229 1012 288 1046 ille
311 1011 426 1052 dolor,
452 1009 512 1056 qui
534 1020 575 1043 ex
598 1008 765 1042 exteriori
787 1007 1075 1053 apprehensione
1098 1013 1278 1048 causatur,
1299 1006 1511 1040 nominatur
1526 1006 1675 1052 quidem
1689 1006 1794 1049 dolor,

228 1077 302 1099 non
326 1072 446 1098 autem
469 1063 622 1097 tristitia.-
645 1061 695 1095 sic
718 1061 826 1107 igitur
847 1061 980 1095 tristitia
1002 1065 1043 1094 est
1064 1059 1224 1105 quaedam
1238 1060 1356 1106 species
1369 1059 1502 1101 doloris,
1518 1059 1610 1094 sicut
1623 1060 1796 1106 gaudium

230 1127 282 1153 est
303 1118 440 1164 species
462 1115 723 1150 delectationis.

300 1173 359 1206 AD
390 1180 539 1205 PRiMUM
566 1180 653 1214 ergo
681 1167 887 1209 dicendum,
915 1167 1012 1213 quod
1038 1166 1265 1212 Augustinus
1291 1166 1451 1212 loquitur
1475 1166 1525 1200 ibi
1550 1174 1726 1213 quantum
1752 1167 1796 1201 ad

230 1237 335 1260 usum
355 1223 542 1258 vocabuli:
565 1223 648 1268 quia
671 1221 776 1256 dolor
797 1221 914 1267 magis
935 1221 1086 1255 usitatur
1107 1220 1144 1254 in
1164 1220 1412 1267 corporalibus
1428 1219 1626 1263 doloribus,
1640 1221 1701 1267 qui
1714 1229 1797 1255 sunt

230 1279 346 1324 magis
367 1278 456 1319 noti,
478 1288 587 1323 quam
608 1276 645 1309 in
667 1275 852 1309 doloribus
874 1274 1129 1320 spiritualibus.

300 1333 360 1367 AD
387 1340 594 1366 SECUNDUM
617 1329 822 1370 dicendum,
844 1328 941 1374 quod
960 1339 1085 1362 sensus
1105 1327 1259 1361 exterior
1272 1338 1347 1362 non
1361 1327 1513 1373 percipit
1525 1327 1594 1362 nisi
1608 1338 1793 1374 praesens:

232 1386 285 1420 vis
308 1393 429 1420 autem
453 1383 637 1429 cognitiva
658 1382 805 1416 interior
832 1389 950 1427 potest
976 1381 1160 1427 percipere
1182 1392 1362 1427 praesens,
1386 1380 1631 1427 praeteritum,
1653 1388 1689 1415 et
1707 1380 1798 1415 futu-

231 1451 331 1474 rum:
354 1447 388 1473 et
409 1438 490 1471 ideo
513 1436 654 1471 tristitia
680 1443 799 1481 potest
826 1446 903 1469 esse
932 1434 975 1468 de
1006 1434 1195 1480 praesenti,
1225 1434 1431 1480 praeterito,
1460 1441 1494 1468 et
1522 1433 1663 1468 futuro:
1691 1433 1797 1468 dolor

231 1501 351 1527 autem
374 1490 584 1537 corporalis,
607 1490 667 1535 qui
689 1489 849 1534 sequitur
871 1488 1198 1534 apprehensionem
1220 1498 1345 1521 sensus
1367 1487 1563 1530 exterioris,
1584 1498 1660 1522 non
1677 1495 1797 1534 potest

233 1558 311 1580 esse
332 1545 401 1579 nisi
423 1545 465 1578 de
489 1543 678 1590 praesenti.

301 1600 360 1634 AD
384 1608 555 1633 TERTIUM
577 1596 781 1638 dicendum,
804 1595 901 1641 quod
923 1594 1106 1629 sensibilia
1127 1602 1243 1629 tactus
1265 1602 1347 1629 sunt
1368 1593 1552 1636 dolorosa,
1573 1605 1649 1628 non
1674 1594 1795 1628 solum

230 1655 444 1699 inquantum
466 1659 547 1686 sunt
568 1650 895 1696 improportionata
916 1648 1039 1682 virtuti
1060 1648 1355 1694 apprehensivae,
1377 1648 1439 1682 sed
1459 1648 1568 1682 etiam
1581 1648 1796 1694 inquantum

231 1707 493 1742 contrariantur
513 1712 680 1738 naturae:
705 1703 859 1737 aliorum
881 1713 968 1736 vero
991 1713 1163 1736 sensuum
1185 1701 1367 1736 sensibilia
1389 1709 1541 1747 possunt
1558 1702 1703 1748 quidem
1719 1713 1796 1736 esse

229 1760 555 1807 improportionata
577 1757 698 1791 virtuti
720 1756 1014 1803 apprehensivae,
1036 1767 1110 1789 non
1132 1763 1255 1789 tamen
1278 1755 1541 1789 contrariantur
1554 1763 1714 1797 naturae,
1728 1755 1797 1790 nisi

230 1815 265 1849 in
289 1814 413 1849 ordine
437 1813 479 1846 ad
502 1810 682 1846 sensibilia
705 1818 839 1851 tactus余
862 1809 955 1843 unde
984 1808 1082 1843 solus
1110 1809 1238 1851 homo,
1267 1808 1327 1854 qui
1357 1816 1409 1842 est
1440 1808 1574 1842 animal
1596 1808 1795 1855 perfectum

229 1870 265 1904 in
288 1869 507 1915 cognitione,
531 1866 729 1900 delectatur
750 1866 786 1899 in
807 1863 1033 1898 sensibilibus
1056 1862 1212 1897 aliorum
1234 1874 1406 1896 sensuum
1433 1863 1633 1897 secundum
1659 1863 1796 1909 seipsa余

230 1923 298 1957 alia
321 1933 406 1956 vero
431 1919 600 1954 animalia
622 1930 696 1952 non
719 1917 943 1952 delectantur
963 1917 999 1950 in
1023 1916 1084 1958 eis,
1106 1916 1175 1950 nisi
1196 1916 1398 1950 secundum
1419 1915 1516 1962 quod
1536 1915 1737 1950 referuntur
1751 1916 1795 1950 ad

230 1975 410 2011 sensibilia
432 1982 559 2015 tactus,
582 1980 620 2006 ut
641 1972 770 2006 dicitur
790 1971 827 2005 in
852 1982 880 2017 3.
904 1970 1020 2004 Ethic.
1045 1969 1133 2016 (cap.
1156 1981 1207 2005 10.
1230 1981 1250 2004 a
1270 1969 1389 2012 med.)余
1413 1977 1448 2003 et
1469 1969 1552 2004 ideo
1579 1969 1622 2004 de
1649 1969 1795 2004 sensibi-

230 2030 321 2064 libus
344 2028 499 2062 aliorum
521 2037 690 2061 sensuum
714 2036 789 2059 non
811 2024 940 2058 dicitur
962 2034 1038 2057 esse
1061 2022 1178 2064 dolor,
1204 2023 1404 2057 secundum
1431 2022 1530 2068 quod
1557 2023 1796 2058 contrariatur

231 2081 462 2117 delectationi
482 2079 648 2121 naturali,
670 2079 732 2113 sed
754 2078 871 2123 magis
897 2077 1050 2118 tristitia,
1078 2088 1169 2122 quae
1197 2076 1437 2110 contrariatur
1463 2076 1595 2121 gaudio
1622 2076 1794 2111 animali:

231 2137 281 2170 sic
304 2136 411 2181 igitur
432 2135 461 2168 si
483 2133 587 2167 dolor
610 2132 806 2178 accipiatur
826 2142 892 2178 pro
915 2129 1096 2177 corporali
1117 2129 1244 2164 dolore
1267 2130 1380 2176 (quod
1403 2129 1566 2164 usitatius
1593 2131 1662 2175 est)
1689 2131 1795 2166 dolor

231 2202 272 2224 ex
306 2188 474 2235 opposito
502 2187 670 2220 dividitur
697 2194 822 2219 contra
848 2185 1040 2225 tristitiam,
1067 2184 1267 2218 secundum
1294 2183 1564 2217 distinctionem
1599 2184 1796 2230 apprehen-

231 2243 342 2277 sionis
363 2241 555 2282 interioris,
578 2248 612 2274 et
634 2239 835 2273 exterioris:
858 2238 942 2272 licet
964 2245 1139 2284 quantum
1162 2237 1205 2271 ad
1232 2237 1375 2282 obiecta
1401 2236 1594 2271 delectatio
1621 2238 1665 2271 ad
1692 2237 1795 2284 plura

231 2308 268 2331 se
291 2295 468 2336 extendat,
491 2305 599 2339 quam
621 2292 727 2327 dolor
748 2291 964 2338 corporalis:
988 2291 1017 2325 si
1034 2301 1121 2325 vero
1142 2290 1248 2325 dolor
1263 2290 1459 2338 accipiatur
1473 2291 1729 2335 communiter,
1743 2293 1793 2327 sic

232 2358 284 2384 est
301 2360 414 2395 genus
436 2347 610 2388 tristitiae,
634 2354 670 2380 ut
692 2346 828 2380 dictum
852 2354 904 2379 est
926 2344 977 2389 (in
996 2351 1085 2391 corp.
1108 2346 1200 2389 art).

765 2464 1109 2509 ARTICULUS
1144 2464 1223 2507 III.
1727 2485 1795 2512 200

428 2563 581 2593 UTRUM
613 2561 835 2592 Tsstsrirm
868 2561 934 2590 竜畤
969 2560 1221 2591 CONTRARIA
1254 2559 1600 2590 DELECTATmNt.

714 2636 762 2681 (4.
787 2637 872 2671 Dist.
896 2648 945 2682 19.
968 2648 997 2682 q.
1017 2648 1044 2682 3.
1067 2641 1132 2671 art.
1154 2647 1180 2682 3.
1203 2647 1232 2682 q.
1256 2636 1312 2681 L).

302 2724 361 2758 An
384 2733 555 2757 'rL-R'riuM
577 2722 627 2755 sic
650 2721 867 2766 proceditur.
890 2720 1052 2761 Videtur,
1075 2720 1172 2766 quod
1194 2719 1300 2754 dolor
1319 2718 1552 2754 delectationi
1565 2730 1640 2754 non
1655 2727 1794 2754 contra-

232 2778 355 2819 rietur,
379 2788 490 2810 unum
513 2775 610 2810 enim
634 2774 898 2808 contrariorum
921 2785 993 2807 non
1017 2782 1069 2807 est
1096 2785 1203 2808 causa
1231 2773 1392 2808 alterius:
1419 2773 1481 2807 sed
1507 2773 1648 2807 tristitia
1675 2781 1793 2819 potest

232 2843 309 2865 esse
333 2842 440 2865 causa
463 2829 732 2864 delectationis:
761 2828 890 2861 dicitur
917 2827 1012 2860 enim
1040 2827 1167 2861 Matth.
1198 2838 1246 2872 5.:
1273 2828 1379 2868 Beati,
1407 2827 1464 2873 qui
1489 2826 1609 2873 lugent,
1635 2827 1793 2872 quonium

235 2886 296 2932 ipsi
317 2885 594 2924 consolidandam
619 2893 706 2928 ergo
727 2893 801 2916 non
824 2889 906 2915 suut
928 2880 1119 2914 contraria.
