1907 3214
711 885 1069 946 QUAESTIO
1103 886 1136 933 1.

433 1008 498 1042 DE
523 1008 708 1040 ULTIMO
734 1008 846 1041 FINE
871 994 1077 1041 HOMINIS
1103 1009 1155 1040 IN
1182 1009 1424 1048 COMMUNI,

579 1079 631 1110 IN
659 1078 782 1111 OCTO
808 1078 1072 1111 ARTICULOS
1099 1079 1275 1112 DIVISA.

214 1217 288 1255 Ubi
301 1219 417 1266 primo
434 1218 740 1254 considerandum
755 1218 913 1253 occurrit
933 1218 977 1254 de
996 1218 1126 1253 ultimo
1145 1219 1215 1254 fine
1233 1219 1417 1254 humanae
1431 1219 1539 1262 vitae,
1553 1227 1589 1254 et
1601 1219 1715 1255 deinde

140 1271 188 1308 de
209 1271 277 1314 his,
297 1282 361 1319 per
380 1282 473 1318 quae
495 1271 611 1307 homo
634 1271 678 1306 ad
700 1271 798 1307 hunc
821 1271 931 1306 finem
958 1272 1145 1318 pervenire
1171 1280 1302 1318 potest,
1323 1272 1383 1307 vel
1405 1272 1447 1306 ab
1475 1284 1520 1307 eo
1549 1272 1712 1307 deviare:

142 1335 185 1360 ex
206 1323 277 1359 fine
298 1325 396 1359 enim
418 1332 562 1371 oportet
582 1324 747 1371 accipere
769 1324 927 1359 rationes
949 1335 1091 1366 eorum,
1113 1336 1206 1371 quae
1228 1325 1441 1360 ordinantur
1463 1325 1506 1360 ad
1530 1325 1660 1361 finem:
1680 1335 1716 1361 et

141 1377 225 1425 quia
246 1377 394 1414 ultimus
414 1377 495 1414 finis
515 1377 699 1412 humanae
717 1377 812 1412 vitae
829 1378 976 1424 ponitur
993 1389 1071 1413 esse
1085 1378 1283 1420 beatitudo,
1298 1386 1450 1425 oportet.
1454 1380 1611 1426 primum
1632 1390 1716 1414 con-

142 1431 300 1468 siderare
320 1430 365 1470 de
386 1430 518 1475 ultimo
538 1430 612 1467 fine
633 1431 670 1466 in
692 1431 894 1473 communi,
915 1430 1029 1468 deinde
1049 1431 1093 1466 de
1111 1431 1345 1466 beatitudine.

629 1518 732 1554 Circa
747 1520 903 1566 primum
925 1524 1132 1565 quaeruntur
1153 1524 1235 1555 octo.

213 1589 353 1627 Primo.
374 1589 509 1625 Utrum
529 1589 691 1625 hominis
712 1589 758 1625 sit
779 1600 887 1636 agere
912 1598 1060 1636 propter
1081 1589 1204 1627 finem.

215 1642 399 1679 Secundo.
422 1642 556 1678 Utrum
577 1643 648 1678 hoc
669 1643 716 1678 sit
736 1643 924 1689 proprium
947 1643 1133 1678 rationalis
1154 1652 1316 1679 naturae.

214 1695 356 1732 Tertio.
378 1695 511 1732 Utrum
533 1704 634 1731 actus
655 1696 817 1731 hominis
839 1696 1015 1743 recipiant
1035 1697 1195 1744 speciem
1217 1709 1237 1732 a
1258 1697 1340 1732 fine.

213 1749 370 1792 Quarto.
391 1749 526 1784 Utrum
546 1749 592 1784 sit
612 1749 740 1796 aliquis
762 1748 911 1784 ultimus
933 1749 1012 1784 finis
1033 1750 1217 1785 humanae
1240 1751 1347 1785 vitae.

214 1801 369 1845 Quinto.
390 1802 524 1838 Utrum
545 1802 652 1837 unius
673 1802 835 1837 hominis
856 1803 995 1849 possint
1015 1814 1094 1837 esse
1116 1803 1236 1850 plures
1259 1803 1380 1838 ultimi
1401 1803 1500 1840 fines.

215 1855 339 1893 Sexto.
361 1855 493 1892 Utrum
515 1855 631 1891 horno
653 1855 797 1890 ordinet
817 1856 942 1890 omnia
964 1856 1000 1890 in
1019 1855 1188 1891 ultimum
1211 1856 1333 1891 finem.

213 1908 392 1956 Septimo.
414 1908 548 1944 Utrum
569 1908 667 1943 idem
687 1909 734 1944 sit
754 1908 834 1943 finis
856 1908 1004 1944 ultimus
1025 1910 1193 1944 omnium
1216 1910 1422 1945 hominum.

213 1962 371 2001 Octavo.
393 1961 528 1998 Utrum
548 1962 585 1999 in
605 1961 670 1997 illo
693 1961 822 1997 ultimo
845 1961 915 1998 fine
937 1973 1066 1997 omnes
1089 1963 1180 1998 aliae
1203 1972 1390 1999 creaturae
1412 1964 1646 1999 conveniant.

722 2104 1072 2150 ARTICULUS
1101 2105 1133 2149 Ι.
1699 2130 1709 2153 ι

329 2212 484 2244 UTRUM
509 2211 671 2243 nomm
695 2212 952 2243 CONVENIAT
980 2213 1121 2243 AGERE
1147 2213 1347 2244 PROPTER
1373 2214 1521 2244 FINEM.

143 2293 246 2342 (Insr.
266 2298 333 2330 art.
352 2305 386 2330 2.
406 2277 497 2341 corp.
518 2298 548 2329 et
566 2305 598 2340 q.
620 2293 653 2329 6.
675 2299 741 2329 art.
763 2306 790 2329 ι.
812 2300 901 2341 corp.
919 2299 950 2329 et
963 2305 993 2340 q.
1008 2295 1062 2330 28.
1078 2299 1140 2330 art.
1162 2294 1195 2329 6.
1214 2301 1304 2342 corp.
1323 2299 1352 2329 et
1365 2306 1395 2341 q.
1411 2306 1468 2341 94.
1483 2300 1546 2329 art.
1567 2306 1598 2330 2.
1622 2302 1716 2342 corp.

229 2352 261 2383 et
280 2358 312 2394 q.
332 2358 408 2394 109.
429 2352 494 2382 art.
516 2347 550 2383 6.
572 2353 661 2394 corp.
682 2352 713 2382 et
733 2347 790 2382 lib.
808 2359 837 2394 3.
863 2347 978 2383 Contr.
998 2359 1029 2393 g.
1052 2354 1125 2395 cap.
1148 2359 1180 2383 2.
1201 2353 1233 2383 et
1254 2354 1363 2395 opusc.
1386 2359 1417 2384 2.
1440 2355 1512 2395 cap.
1535 2348 1644 2393 ιοο.).

212 2441 274 2477 AD
298 2451 449 2477 PRIMUM
474 2441 525 2476 sic
553 2441 771 2488 proceditur.
797 2440 961 2483 Videtur,
988 2442 1085 2488 quod
1113 2441 1256 2476 homini
1282 2453 1357 2476 non
1385 2442 1580 2477 conveniat
1608 2453 1715 2488 agere

141 2501 289 2542 propter
309 2493 438 2529 finem:
457 2505 567 2529 causa
588 2494 686 2528 enim
707 2493 919 2528 naturaliter
939 2495 1038 2540 prior
1064 2502 1117 2529 est
1143 2506 1208 2529 suo
1231 2494 1381 2529 effectu:
1410 2495 1472 2529 sed
1501 2495 1580 2529 finis
1608 2495 1716 2529 habet

142 2548 322 2586 rationem
335 2547 465 2591 ultimi,
478 2556 518 2585 ut
529 2548 648 2594 ipsum
663 2559 799 2583 nomen
815 2556 939 2590 sonat;
955 2560 1042 2594 ergo
1054 2548 1134 2583 finis
1150 2560 1224 2583 non
1240 2549 1349 2584 habet
1365 2549 1545 2584 rationem
1561 2559 1714 2584 causae:

142 2600 207 2637 sed
226 2608 373 2648 propter
388 2600 477 2635 illud
499 2601 574 2647 agit
594 2601 721 2643 homo,
743 2601 840 2648 quod
860 2610 913 2636 est
934 2612 1043 2636 causa
1066 2602 1244 2644 actionis;
1267 2613 1353 2636 cum
1375 2602 1465 2636 haec
1489 2602 1714 2648 praepositio

138 2653 452 2702 propterdesignet
461 2653 713 2689 habitudinem
732 2665 880 2696 causae3
896 2665 984 2701 ergo
999 2654 1140 2689 homini
1159 2666 1233 2689 non
1255 2655 1427 2690 convenit
1447 2666 1555 2700 agere
1568 2663 1716 2702 propter

144 2706 268 2743 finem.

214 2769 247 2795 2.
268 2759 506 2795 PRAETEREA.
531 2758 637 2803 Illud,
663 2759 760 2806 quod
787 2768 840 2794 est
867 2759 1015 2795 ultimus
1037 2759 1129 2802 finis,
1151 2771 1225 2795 non
1247 2770 1300 2796 est
1322 2769 1468 2808 propter
1490 2761 1626 2796 finem:
1652 2761 1714 2796 sed

140 2812 181 2850 in
196 2812 415 2860 quibusdam
435 2814 598 2849 actiones
617 2821 701 2848 sunt
722 2812 870 2848 ultimus
891 2813 983 2855 finis,
1005 2822 1043 2848 ut
1065 2822 1161 2860 patet
1184 2826 1246 2860 per
1269 2814 1405 2848 Philos.
1430 2814 1465 2848 in
1496 2825 1523 2849 1.
1553 2814 1712 2849 Ethicor.

12 2875 21 2918 y
144 2865 238 2914 (cap.
258 2877 287 2905 ι.
307 2867 344 2902 iu
358 2867 491 2914 princ.)
500 2878 513 2907 ,·
536 2877 625 2913 ergo
646 2877 721 2902 non
743 2866 869 2902 omnia
891 2867 1005 2902 homo
1028 2867 1102 2913 agit
1123 2875 1269 2914 propter
1292 2867 1412 2902 finem.

9 2918 17 2940 ἵ
