1923 3198
567 198 787 234 QUAESTIO
818 201 848 231 1.
880 202 1126 235 ARTICULUS
1159 206 1200 236 V.
1612 214 1667 258 25

101 282 250 309 suerunt
275 274 311 308 in
333 284 500 322 quatuor,
521 278 660 315 scilicet
691 280 728 315 in
757 281 956 330 voluptate,
977 284 1014 319 in
1036 286 1168 332 quiete,
1195 286 1230 321 in
1256 288 1361 324 bonis
1383 290 1606 335 naturae,'⁸et
1630 294 1667 330 in

100 326 249 362 virtute:
271 327 362 364 haec
385 337 507 365 autem
529 332 718 368 manifeste
732 344 815 370 sunt
828 336 949 383 plura3
972 349 1059 385 ergo
1075 350 1166 375 unus
1185 340 1300 377 homo
1319 351 1438 390 potest
1448 347 1666 384 constituere

100 378 269 415 ultimum
291 381 400 417 finem
423 395 509 419 suae
531 385 726 422 voluntatis
748 388 782 422 in
807 390 938 425 multis.

169 443 202 468 2.
223 433 459 472 Pur-:rena
481 437 588 479 Quae
608 451 682 475 non
705 451 939 488 opponuntur
961 444 1004 479 ad
1019 446 1189 490 invicem,
1211 459 1249 483 sc
1271 449 1428 485 invicem
1452 464 1526 487 non
1549 455 1666 490 exclu-

96 485 206 530 dunt;
226 487 289 522 sed
304 489 418 524 multa
433 491 666 527 inveniuntur
683 494 718 528 in
738 496 955 543 rebus‚quae
974 498 1039 533 sibi
1054 499 1210 535 invicem
1222 514 1295 537 non
1308 514 1560 551 opponuntur;
1575 520 1664 555 ergo

93 539 124 574 si
145 550 259 575 unum
287 552 444 588 ponatur
470 544 618 581 ultimus
636 546 715 582 finis
737 549 946 594 voluntatis,
967 563 1042 586 non
1067 563 1214 601 propter
1235 555 1305 591 hoc
1322 557 1390 592 alia
1413 559 1662 598 excluduntur.

167 603 198 640 3.
219 593 456 632 PRAETEREA.
478 597 658 635 Voluntas
672 612 735 647 per
749 602 819 637 hoc
835 604 931 650 quod
954 607 1140 642 constituit
1162 608 1330 644 ultimum
1354 611 1461 646 finem
1478 613 1512 648 in
1528 614 1662 662 aliquo,

35 679 41 682 .
92 656 198 682 suam
226 646 376 684 liberam
407 653 607 697 potentiam
637 665 710 689 non
742 657 890 692 amittit:
913 659 976 694 sed
1005 668 1199 708 antequam
1231 665 1467 700 constitueret
1493 667 1662 704 ultimum

91 697 203 735 ffiaem
223 711 329 737 suum
343 703 379 738 in
393 703 470 747 illo,
484 714 568 752 puta
583 707 619 741 in
633 707 832 755 voluptate,
851 720 992 757 poterat
1006 715 1226 750 constituere
1241 716 1351 752 finem
1366 730 1472 754 suum
1491 720 1660 758 ultimum

89 752 128 789 in
149 753 234 799 alio,
254 764 341 802 puta
354 757 391 792 in
405 757 556 794 divitiis:
579 771 667 807 ergo
682 762 791 797 etiam
807 773 1000 812 postquam
1016 768 1203 804 constituit
1217 769 1346 818 aliquis
1362 772 1530 808 ultimum
1550 775 1660 811 finem

88 813 176 843 suae
187 805 385 846 voluntatis
398 810 435 846 in
449 812 647 860 voluptate,
661 824 780 862 potest
793 817 902 852 simul
917 820 1136 857 constituere
1148 822 1317 858 ultimum
1333 825 1442 861 finem
1456 827 1492 862 in
1507 828 1659 874 divitiis;

88 870 179 908 ergo
199 863 371 909 possibile
393 873 458 910 est,
479 867 585 903 unius
606 868 767 906 hominis
793 871 1022 908 voluntatem
1044 874 1152 910 simul
1173 875 1257 912 ferri
1280 878 1316 913 in
1338 879 1492 924 diversa,
1512 882 1605 921 sicut
1621 884 1658 919 in

86 912 238 951 ultimos
258 915 359 953 fines.

157 967 234 1005 SED
256 979 424 1008 CONTRA.
448 973 552 1017 Illud,
581 975 617 1010 in
640 987 713 1023 quo
742 978 895 1025 quiescit
916 980 1045 1028 aliquis
1059 981 1163 1018 sicuti
1185 983 1220 1018 in
1243 984 1373 1021 ultimo
1400 986 1470 1023 fine
1497 988 1658 1026 hominis

85 1019 234 1058 affectui
251 1023 480 1071 dominatur3
502 1029 586 1075 quia
609 1041 653 1065 ex
675 1043 719 1066 eo
741 1032 852 1068 totius
873 1034 968 1070 vitae
991 1046 1077 1071 suae
1092 1037 1236 1084 regulas
1251 1040 1392 1087 accipit.
1416 1041 1522 1078 Unde
1535 1043 1581 1079 de
1596 1056 1657 1091 gu-

82 1072 172 1111 losis
191 1076 325 1113 dicitur
345 1078 478 1128 Philip.
503 1093 552 1128 3.:
581 1084 736 1128 Quorum
757 1085 833 1122 deus
858 1093 973 1124 venter
1000 1094 1066 1130 esu
1089 1091 1173 1137 quia
1204 1091 1344 1128 scilicet
1365 1096 1590 1132 constituunt
1607 1099 1657 1133 ul-

80 1127 215 1164 timum
229 1129 342 1166 finem
355 1132 392 1167 in
406 1133 545 1170 deliciis
558 1138 710 1173 ventris:
733 1140 807 1183 sed,
822 1140 915 1176 sicut
929 1142 1060 1177 dicitur
1073 1143 1202 1180 Matth.
1216 1144 1249 1180 6.
1261 1158 1269 1180 :
1289 1147 1395 1182 Nemo
1412 1155 1519 1196 potest
1531 1151 1656 1188 duobus

80 1180 374 1229 dominium-vire,
397 1186 442 1221 ad
462 1187 621 1224 invicem
642 1191 783 1228 scilicet
807 1205 882 1229 non
905 1196 1099 1239 ordinatis;
1131 1210 1220 1245 ergo
1242 1199 1467 1247 impossibile
1493 1213 1548 1239 est
1573 1217 1652 1242 esse

79 1234 202 1284 plures
221 1236 371 1275 ultimos
391 1239 482 1276 fines
502 1242 608 1278 unius
629 1244 790 1281 hominis
812 1247 857 1282 ad
878 1248 1037 1284 invicem
1058 1261 1130 1285 non
1155 1253 1353 1289 ordinatos.

91 1292 97 1321 ’-
146 1288 380 1328 Rmonuto
400 1293 606 1339 dicendum,
624 1298 722 1344 quod
738 1299 962 1346 impossibile
981 1311 1045 1345 est,
1059 1305 1158 1350 quod
1175 1305 1344 1342 voluntas
1364 1309 1469 1345 unius
1489 1311 1650 1348 hominis

81 1341 193 1379 simul
206 1355 250 1380 ee
268 1344 403 1382 habeat
422 1348 467 1383 ad
488 1349 642 1394 diversa,
664 1351 758 1388 sicut
779 1353 823 1388 ad
844 1354 994 1390 ultimos
1016 1356 1116 1392 fines.
1139 1357 1254 1405 Cujus
1277 1361 1368 1396 ratio
1390 1372 1510 1409 potest
1530 1367 1652 1413 triplex

79 1395 266 1444 assignari.
298 1399 418 1435 Prima
445 1409 509 1445 est,
535 1403 619 1450 quia
645 1416 730 1441 cum
756 1409 1042 1456 unumquodque
1070 1420 1216 1458 appetat
1242 1425 1347 1449 suam
1373 1416 1650 1463 perfectionem,

73 1447 164 1486 illud
184 1451 320 1499 appetit
339 1452 469 1501 aliquis
490 1464 530 1491 ut
548 1456 719 1493 ultimum
740 1459 863 1504 finem,
886 1463 983 1509 quod
1006 1465 1141 1511 appetit
1161 1474 1200 1501 ut
1220 1467 1360 1502 bonum
1381 1470 1595 1516 perfectum,
1614 1482 1648 1508 et

74 1503 338 1552 completivum
357 1507 414 1542 sui
433 1508 544 1556 ipsius
567 1510 631 1557 [al.
653 1517 687 1547 ut
703 1514 744 1548 sit
757 1515 879 1549 bonum
888 1517 1072 1563 perfectum
1094 1519 1233 1566 ipsiu5J:
1256 1522 1351 1556 unde
1365 1523 1461 1570 Aug.
1486 1525 1572 1560 dicit
1594 1537 1645 1574 19.

73 1555 120 1593 de
136 1556 220 1594 CiV.v
237 1559 309 1596 Dei
329 1560 418 1609 (cap.
435 1574 466 1598 r.
486 1575 508 1598 a
528 1565 682 1612 princ.).·
703 1567 823 1603 finem
850 1570 928 1604 boni
952 1583 1040 1606 nunc
1065 1572 1218 1617 dicimus,
1245 1587 1309 1610 non
1337 1588 1400 1622 quo
1426 1581 1645 1624 consumitur,

47 1614 50 1624 '
76 1610 203 1649 'unios
225 1613 283 1658 sit,
305 1614 361 1650 sed
389 1627 454 1662 quo
469 1618 656 1664 perficitur,
691 1625 726 1655 ut
746 1621 883 1669 plenum
907 1623 971 1669 [al.
998 1625 1108 1672 plene]
1136 1628 1188 1662 sit.
1217 1627 1375 1675 Oportet
1400 1630 1520 1677 igitur,
1547 1634 1644 1680 quod

74 1661 225 1702 ultimus
243 1666 326 1703 finis
344 1667 395 1704 ita
414 1669 566 1717 impleat
585 1680 706 1708 totum
732 1674 893 1711 hominis
920 1678 1131 1725 appetitum,
1159 1682 1257 1728 quod
1283 1683 1375 1718 nihil
1402 1694 1498 1720 extra
1525 1687 1645 1734 ipsum

75 1720 321 1766 'prendunt
350 1722 593 1771 relinquatur:
626 1728 738 1774 quod·
758 1740 836 1764 esse
864 1742 938 1766 non
966 1740 1096 1778 potest,
1129 1734 1159 1768 si
1194 1735 1329 1782 aliquid
1361 1746 1572 1774 extraneum
1599 1742 1644 1777 ad

69 1770 184 1821 ipsius
202 1773 467 1820 perfectionem
491 1779 712 1826 requiratur;
735 1783 830 1817 unde
855 1795 930 1819 non
952 1794 1072 1832 potest
1093 1798 1188 1831 esse;
1215 1790 1313 1835 quod
1340 1791 1376 1825 in
1398 1792 1471 1827 duo
1493 1793 1543 1828 sic
1571 1803 1646 1830 ten-

113 1843 116 1851 ·
153 1827 343 1875 appetitus,
361 1841 404 1865 ac
429 1831 460 1866 si
485 1840 679 1881 utrumque
705 1835 750 1870 sit
775 1836 914 1872 bonum
941 1838 1145 1886 perfectum
1167 1842 1230 1888 [al.
1251 1845 1490 1892 persectIvum]
1519 1848 1641 1895 ipsius.

64 1877 218 1918 {modo
239 1881 334 1918 ratio
358 1892 424 1927 est,
449 1885 534 1932 quia
559 1887 652 1923 sicut
677 1888 713 1924 in
739 1901 912 1936 processu
940 1893 1089 1929 rationis
1116 1896 1333 1944 principium
1369 1907 1423 1934 est
1455 1900 1503 1943 id,
1543 1903 1640 1949 quod

95 1935 131 1961 Γ,
155 1933 277 1970 mlioer
308 1939 564 1984 cognoscitur:
591 1941 640 1976 ita
670 1942 707 1977 in
745 1955 917 1990 processu
956 1947 1143 1984 rationalis
1171 1951 1361 1997 appetitus,
1400 1954 1460 1999 qui
1495 1963 1550 1990 est
1580 1967 1642 1992 vo-

63 1978 197 2031 flutas,

76 2058 172 2072 ’.ιιι

3 429 17 480 ⁸¹.

217 1997 362 2036 oportet
381 2001 461 2028 esse
482 1993 701 2042 principium
721 1996 768 2039 id,
796 1999 894 2044 quod
920 2001 1133 2036 naturaliter
1154 2003 1393 2040 desideratur:
1416 2007 1488 2042 hoc
1516 2018 1639 2045 autem

228 2053 307 2080 me
327 2055 465 2089 unum;
483 2047 568 2094 quia
585 2057 714 2084 natura
735 2061 809 2085 non
831 2053 945 2088 tendit
964 2054 1033 2089 nisi
1056 2056 1099 2090 ad
1124 2067 1253 2092 unum:
1277 2059 1495 2106 principium
1515 2071 1637 2099 autem

62 2115 63 2118 =
88 2116 91 2122 -
119 2104 293 2142 processu
318 2098 505 2136 rationalis
531 2102 710 2149 appetitus
737 2113 791 2139 est
817 2105 966 2142 ultimus
993 2107 1091 2143 finis:
1116 2111 1210 2145 unde
1233 2121 1388 2158 oportet,
1409 2114 1457 2157 id,
1479 2115 1515 2150 in
1537 2118 1635 2163 quod

110 2166 114 2176 ·
134 2164 163 2179 ω
186 2149 364 2187 voluntas
383 2153 449 2188 sub
470 2155 612 2190 ratione
633 2156 751 2192 ultimi
773 2157 864 2201 finis,
887 2171 965 2196 esse
981 2172 1104 2198 unum.
1134 2164 1246 2199 Tertia
1269 2167 1361 2201 ratio
1377 2176 1441 2210 est,
1463 2181 1534 2215 qua
1550 2181 1634 2206 cum

242 2203 471 2242 voluntariae
485 2219 529 2243 ex
548 2208 618 2244 fine
632 2211 792 2257 speciem
806 2213 1012 2257 sortiantur,
1027 2216 1121 2251 sicut
1134 2228 1242 2264 supra
1258 2219 1422 2255 habiturn
1442 2231 1495 2257 est
1511 2223 1589 2267 (art.
1602 2237 1630 2271 3.

63 2250 66 2251 ⁷
85 2300 89 2301 ⁷
108 2276 110 2279 ⁴
144 2257 215 2304 Ψ),
235 2266 390 2306 oportet,
412 2262 510 2307 quod
532 2273 553 2297 a
573 2262 644 2298 fine
666 2263 808 2308 ultimo,
830 2267 892 2313 qui
913 2276 966 2302 est
988 2271 1208 2314 communis,
1235 2273 1432 2309 sortiantur
1453 2277 1632 2313 rationem

119 2327 123 2337 ·
146 2327 157 2337 a
184 2320 218 2339 R·
244 2310 339 2348 sicut
359 2320 397 2348 et
423 2315 602 2351 naturalia
634 2326 819 2364 ponuntur
844 2320 881 2354 in
911 2332 1045 2367 genere
1074 2325 1275 2360 secundum
1305 2326 1500 2364 formalem
1529 2332 1633 2366 ratio-

97 2380 136 2391 -‹·
165 2373 420 2410 communem3
439 2378 523 2403 cum
541 2369 650 2416 igitur
671 2372 796 2407 omnia
818 2375 1025 2421 appetibilia
1047 2377 1256 2422 voluntatis,
1272 2380 1487 2427 inquantum
1510 2383 1631 2430 hujus-

170 2417 267 2454 ’ἀεὶ
284 2419 392 2456 unius
417 2422 574 2468 generis,
600 2433 756 2471 oportet,
782 2426 954 2463 ultimum
981 2428 1091 2465 finem
1113 2443 1191 2467 esse
1220 2445 1354 2477 unum3
1376 2444 1411 2470 et
1436 2438 1629 2485 praecipue

71 2516 74 2518 q
123 2491 125 2493 ·
153 2469 202 2506 in
221 2471 384 2519 quolibet
403 2484 539 2521 genere
560 2485 614 2512 est
634 2489 748 2514 unum
774 2480 933 2527 primum
959 2483 1196 2531 principium:
1225 2486 1372 2523 ultimus
1400 2499 1522 2525 autem
1549 2491 1628 2527 finis

74 2518 95 2566 ⁵.
118 2541 120 2549 =
174 2524 373 2562 tentionem
398 2528 508 2575 primi
532 2530 710 2578 principii,
737 2541 775 2568 ut
801 2534 939 2571 dictum
961 2546 1015 2571 est
1042 2537 1121 2581 (art.
1139 2542 1284 2587 praec).
1313 2541 1415 2577 Sicut
1442 2553 1561 2580 autem
1589 2557 1627 2581 se

79 2579 82 2583 '
106 2589 122 2601 ι·
140 2597 154 2604 a
178 2575 328 2615 ultimus
342 2579 423 2616 finis
437 2581 598 2619 hominis
607 2585 821 2633 simpliciter
835 2589 879 2624 ad
893 2595 1011 2624 totum
1030 2591 1232 2641 humanum
1254 2606 1386 2640 genus:
1404 2597 1453 2631 ita
1467 2609 1504 2632 se
1520 2599 1628 2634 habet

229 2630 313 2668 finis
337 2632 446 2681 hujus
471 2635 633 2673 hominis
660 2639 704 2674 ad
733 2639 830 2676 hunc
858 2642 1068 2687 hominem3
1097 2647 1190 2682 unde
1225 2658 1379 2695 oportet,
1409 2653 1505 2697 quod
1534 2652 1627 2688 sicut

108 2727 113 2729 μ
148 2703 150 2710 1
172 2697 216 2713 ··=·
249 2685 451 2725 hominum>
471 2698 526 2726 est
545 2693 756 2728 naturaliter
781 2706 874 2731 unus
896 2696 975 2732 finis
1003 2698 1163 2742 ultimus,
1185 2701 1233 2735 ita
1255 2702 1362 2748 hujus
1384 2703 1544 2740 hominis
1565 2718 1612 2742 vo

195 2737 234 2774 in
255 2750 329 2776 uno
347 2739 478 2777 ultimo
499 2742 570 2779 fine
592 2753 779 2782 statuatur.

84 2798 86 2801 ’
107 2788 189 2835 ,ΑΒ
206 2801 359 2831 mum(
379 2805 470 2843 ergo
496 2796 704 2843 dicendum,
725 2801 822 2847 quod
849 2803 974 2838 omnia
1000 2804 1061 2840 illa
1087 2806 1188 2854 plura
1215 2809 1484 2856 accipiebantur
1509 2812 1545 2847 in
1573 2825 1609 2848 ra

145 2846 283 2894 --unius
300 2846 388 2884 boni
409 2848 562 2896 perfecti
582 2863 625 2888 ex
651 2852 708 2902 his
734 2855 919 2892 constituti
941 2857 984 2892 ab
1007 2858 1074 2902 his,
1101 2861 1161 2907 qui
1183 2861 1220 2896 in
1242 2863 1292 2897 cis
1320 2862 1487 2900 ultimum
1511 2865 1620 2903 finem

142 2906 249 2937 ...m
748 2917 757 2928 ι
