1907 3198
524 211 748 248 Qumrro
782 211 872 243 cm.
906 210 1153 243 Ακτιευιυε
1186 211 1244 242 ιν.
1579 201 1660 257 853

95 301 136 330 ut
150 304 261 341 supra
279 293 419 329 dictum
440 301 494 329 est
516 293 562 341 (q.
584 294 641 330 68.
662 299 729 330 art.
750 305 778 330 1.
799 299 830 330 ct
849 295 923 340 4.).·
944 294 1008 330 sed
1022 302 1280 341 computantur
1297 294 1389 328 inter
1407 295 1539 339 gratias
1554 296 1665 341 gratis

95 346 423 390 daQsecundum
437 347 535 394 quod
549 347 748 394 important
769 347 967 394 quamdam
989 347 1248 382 abundantiam
1270 348 1454 389 scientiae,
1475 356 1510 382 et
1527 349 1665 395 sapien-

93 400 179 443 tiae,
203 407 244 436 ut
261 400 379 436 homo
399 401 514 447 possit
531 411 605 435 non
631 400 752 436 solum
770 401 806 436 in
827 401 947 448 seipso
969 410 1065 437 recte
1086 412 1213 447 sapere
1239 401 1283 436 de
1305 401 1447 442 divinis,
1469 401 1530 436 sed
1553 402 1662 436 etiam

95 453 188 490 alios
205 453 396 496 instruere,
418 462 454 489 et
474 454 765 489 contradicentes
786 455 991 490 revincere:
1014 463 1050 490 et
1069 455 1153 490 ideo
1170 454 1263 490 inter
1276 455 1410 501 gratias
1431 455 1540 500 gratis
1563 455 1664 490 datas

94 506 320 555 significatur
339 507 458 555 primo
482 508 544 554 [al.
565 509 788 554 significanter
805 509 961 556 ponitur]
983 521 1087 544 sermo
1108 510 1298 556 sapientiae,
1321 514 1350 544 ct
1370 521 1475 544 sermo
1489 511 1663 545 scientiae:

94 559 192 608 quia,
204 567 246 596 ut
262 560 419 607 August.
440 561 527 596 dicit
545 572 596 605 ¹4-
616 562 659 596 de
675 561 805 597 Trinit.
822 562 908 610 (cap.
928 563 988 607 1.),
1003 562 1100 597 aliud
1115 571 1169 598 est
1186 563 1278 598 scire
1291 563 1561 605 tantummodo,
1578 563 1663 609 quid

94 614 212 650 homo
240 614 388 650 credere
414 614 543 650 debeat
569 623 715 662 propter
740 615 1012 662 adipiscendam
1038 616 1151 651 vitam
1176 616 1332 658 beatam,
1358 616 1454 651 aliud
1482 625 1536 651 est
1560 617 1664 660 scire,

94 667 408 716 quemadmodum
427 668 500 704 hoc
522 668 640 716 ipsum
665 677 702 704 et
721 669 788 716 piis
810 669 1016 715 opituletur,
1038 678 1074 705 et
1092 678 1218 705 contra
1239 670 1372 717 impios
1392 668 1615 706 defendatur.

666 798 1012 844 ARTICULUS
1045 800 1099 843 v.
1599 821 1665 860 594

388 907 542 938 UTRUM
569 907 734 938 GRATIA
759 908 916 939 GRATIS
944 909 1065 939 DATA
1090 909 1159 939 SIT
1183 908 1377 948 DIGNIOR,

502 972 630 1010 QUAM
656 974 821 1005 GRATIA
846 974 1028 1005 GRATUM
1062 974 1257 1005 FACIENS.

603 1062 714 1106 (Part.
732 1074 761 1109 3.
783 1074 812 1109 q.
837 1074 867 1109 7.
889 1068 954 1098 art.
973 1074 1003 1109 7.
1025 1062 1079 1098 ad.
1101 1064 1159 1109 1.).

165 1150 228 1188 AD
246 1160 431 1192 msmwu
450 1151 502 1187 sic
523 1152 741 1199 proceditur.
759 1151 925 1196 Videtur,
950 1153 1048 1200 quod
1070 1152 1185 1200 gratia
1211 1152 1322 1199 gratis
1348 1153 1430 1188 data
1448 1153 1494 1189 sit
1510 1153 1666 1200 dignior,

95 1215 207 1253 quam
227 1204 342 1252 gratia
363 1213 507 1251 gratum
528 1204 683 1241 faciens:
706 1207 834 1241 Bonum
853 1208 939 1241 enim
960 1208 1062 1253 gentis
1082 1211 1126 1242 cst
1143 1207 1269 1249 melius,
1288 1218 1388 1253 quam
1412 1208 1532 1242 bonum
1555 1208 1665 1250 unius,

95 1266 136 1294 ut
154 1257 372 1306 Philosoph.
386 1258 474 1294 dicit
494 1258 530 1293 in
557 1269 584 1294 1.
599 1259 716 1294 Ethic.
738 1261 826 1306 (cap.
848 1271 880 1295 2.
899 1261 932 1294 in
946 1260 1044 1307 fin.):
1059 1260 1122 1295 sed
1137 1260 1251 1306 gratia
1266 1268 1411 1306 gratum
1425 1259 1561 1296 faciens
1575 1260 1668 1295 ordi-

95 1319 203 1348 natur
214 1311 336 1348 solum
357 1312 402 1347 ad
418 1312 558 1347 bonum
579 1313 685 1348 unius
706 1313 887 1356 hominis;
909 1315 1023 1359 gratia
1045 1322 1167 1349 autem
1190 1314 1301 1359 gratis
1322 1314 1404 1348 data
1421 1314 1607 1349 ordinatur
1621 1314 1665 1348 ad

93 1366 233 1402 bonum
254 1377 453 1402 commune
473 1367 585 1402 totius
605 1366 805 1409 Ecclesiae,
827 1375 866 1402 ut
886 1378 992 1413 supra
1014 1367 1152 1402 dictum
1175 1375 1228 1402 est
1249 1367 1331 1412 (art.
1354 1379 1381 1403 1.
1403 1372 1432 1402 ct
1451 1380 1484 1412 4.
1500 1368 1569 1414 huj.
1588 1369 1635 1415 q.)
1651 1380 1664 1409 ;

95 1430 185 1467 ergo
205 1419 321 1467 gratia
341 1419 452 1467 gratis
469 1419 553 1454 data
574 1428 629 1455 est
649 1420 806 1467 dignior,
827 1432 938 1467 quam
960 1421 1075 1467 gratia
1097 1429 1241 1467 gratum
1263 1419 1411 1455 faciens.

166 1482 201 1509 2.
220 1472 460 1509 PRAETEREA.
490 1473 640 1519 Maioris
664 1474 804 1509 virtutis
831 1482 896 1516 est,
922 1474 1019 1521 quod
1047 1473 1180 1521 aliquid
1208 1474 1321 1520 possit
1355 1485 1461 1520 agere
1487 1475 1523 1509 in
1557 1474 1666 1516 aliud,

81 1532 207 1575 ‘quam
226 1526 325 1575 quod
345 1526 467 1562 solum
485 1526 521 1561 in
539 1527 660 1574 seipso
675 1526 899 1574 perficiatur:
914 1528 1007 1562 sicut
1020 1529 1139 1574 major
1153 1536 1206 1562 est
1220 1527 1363 1562 claritas
1379 1528 1553 1575 corporis,
1568 1529 1665 1575 quod

94 1587 216 1628 potest
234 1580 346 1616 etiam
367 1579 438 1615 alia
459 1591 614 1628 corpora
637 1580 855 1624 illuminare,
881 1593 991 1628 quarn
1013 1582 1102 1627 ejus,
1123 1582 1220 1628 quod
1243 1581 1290 1616 ita
1313 1582 1348 1616 in
1375 1593 1412 1616 se
1438 1581 1546 1625 lucet,
1568 1582 1664 1630 quod

96 1633 168 1670 alia
187 1632 393 1670 illuminare
402 1644 478 1669 non
491 1642 622 1680 potest,
636 1643 782 1681 propter
797 1635 894 1682 quod
917 1635 1026 1670 etiarn
1049 1635 1142 1670 Phil.
1161 1635 1248 1670 dicit
1262 1635 1296 1669 in
1317 1647 1344 1680 ς.
1363 1635 1480 1670 Ethic.
1501 1636 1590 1684 (cap.
1607 1638 1663 1682 1.),

96 1687 194 1735 quod
210 1689 343 1735 justitia
362 1692 407 1723 cst
420 1688 690 1735 praeclarissima
712 1690 891 1730 virtutum,
914 1700 976 1736 per
997 1700 1107 1735 quam
1129 1689 1244 1723 horno
1264 1698 1360 1724 recte
1382 1690 1542 1724 sehabet
1555 1691 1664 1725 ctiam

97 1741 141 1776 ad
162 1739 273 1777 alios:
294 1740 356 1776 sed
378 1751 442 1788 per
462 1741 618 1786 gratiam
641 1750 784 1785 gratum
806 1741 1000 1777 facientem
1027 1742 1143 1777 homo
1169 1742 1351 1789 perficitur
1376 1743 1413 1777 in
1441 1743 1581 1790 seipso;
1603 1756 1666 1791 per

95 1795 251 1842 gratiam
272 1802 394 1830 autem
420 1795 530 1841 gratis
549 1795 670 1829 datam
692 1795 808 1829 homo
831 1804 1000 1842 operatur
1019 1796 1061 1830 ad
1085 1795 1346 1842 perfectionem
1375 1795 1551 1841 aliorum;
1577 1809 1665 1844 ergo

95 1848 211 1896 gratia
231 1848 342 1896 gratis
362 1848 445 1883 data
466 1856 520 1884 est
541 1848 697 1895 dignior,
719 1860 829 1896 quam
852 1850 966 1895 gratia
988 1858 1131 1896 gratum
1154 1849 1303 1886 faciens.

170 1901 524 1949 3.Ρ1ιΛετΕιεΛ.Ιά
554 1902 652 1949 quod
680 1911 731 1938 est
758 1903 945 1964 proprium
978 1903 1190 1946 meliorum,
1220 1904 1365 1950 dignius
1398 1913 1464 1948 est,
1493 1917 1604 1952 quam
1632 1906 1666 1940 id

93 1955 193 2004 quod
209 1963 266 1992 αἱ
283 1965 483 1992 commune
503 1956 690 1998 omnium;
715 1956 809 1991 sicut
830 1957 1051 1999 ratiocinari,
1072 1957 1171 2004 quod
1197 1966 1251 1992 est
1277 1958 1466 2005 proprium
1487 1959 1661 2001 hominis,

95 2009 240 2057 dignius
260 2017 326 2052 est,
347 2020 458 2057 quam
479 2009 623 2051 sentire,
638 2010 734 2056 quod
754 2018 808 2044 est
822 2021 1021 2045 commune
1035 2011 1206 2046 omnibus
1219 2011 1455 2047 animalibus:
1474 2013 1535 2047 sed
1551 2013 1666 2059 gratia

95 2071 240 2112 gratum
253 2061 391 2099 faciens
402 2071 457 2098 est
471 2065 678 2098 communis
689 2063 859 2098 omnibus
870 2064 1043 2099 membris
1054 2063 1260 2107 Ecclesiae,
1283 2065 1397 2111 gratia
1417 2074 1538 2101 autem
1554 2067 1665 2113 gratis

95 2116 439 2165 datamproprium
453 2117 590 2152 donum
606 2117 814 2162 digniorum
833 2117 1084 2153 membrorum
1099 2117 1285 2154 Ecclesiae
1297 2132 1306 2161 ς
1320 2130 1408 2165 ergo
1424 2120 1538 2166 gratia
1555 2121 1666 2167 gratis

95 2170 181 2206 data
200 2177 256 2206 at
274 2169 431 2218 dignior,
452 2181 562 2218 quam
585 2170 700 2216 gratia
722 2179 866 2216 gratum
889 2170 1036 2206 faciens.

167 2223 245 2261 Seu
265 2234 422 2261 coum
443 2232 508 2267 est,
528 2224 626 2271 quod
649 2223 848 2270 Apostolus
875 2235 900 2259 1.
918 2225 960 2259 ad
977 2225 1063 2260 Cor.
1091 2235 1154 2268 12.‚
1173 2227 1394 2262 enumeratis
1416 2227 1539 2273 gratiis
1555 2228 1665 2274 gratis

94 2277 200 2322 datis,
224 2277 360 2314 subdit:
388 2277 506 2314 Adhuc
531 2278 789 2313 excellentiorem
816 2279 909 2313 viam
936 2280 1028 2313 vobis
1048 2278 1255 2314 demonstro:
1279 2289 1325 2321 ct,
1347 2281 1439 2315 sicut
1461 2293 1524 2327 per
1546 2282 1666 2317 subse-

96 2333 244 2381 quentia
252 2339 363 2380 patet,
373 2331 534 2379 loquitur
545 2331 587 2366 de
599 2331 890 2378 charitate,quae
901 2332 1056 2378 pertinet
1069 2333 1113 2367 ad
1128 2333 1281 2379 gratiam
1298 2343 1440 2377 gratum
1457 2333 1663 2377 facientem

96 2396 186 2434 ergo
207 2384 324 2433 gratia
347 2393 492 2432 gratum
513 2383 649 2420 faciens
671 2384 908 2420 excellentior
925 2394 990 2428 est,
1012 2397 1121 2433 quam
1145 2387 1260 2431 gratia
1283 2387 1393 2433 gratis
1415 2388 1510 2422 data.

167 2438 400 2476 stroumzo
427 2438 635 2480 dicendum,
662 2438 759 2485 quod
794 2449 1033 2486 unaquaeque
1060 2439 1173 2474 virtus
1201 2448 1302 2474 tanto
1333 2440 1570 2475 excellentior
1596 2450 1662 2483 est,

96 2500 235 2542 quanm
255 2493 301 2530 ad
322 2492 430 2529 altius
450 2492 589 2527 bonum
611 2492 814 2527 ordinatur:
841 2503 985 2539 semper
1011 2501 1134 2528 autem
1161 2492 1239 2527 linis
1267 2494 1387 2539 potior
1409 2503 1461 2528 est
1483 2494 1550 2537 his,
1572 2506 1664 2542 quae

96 2554 182 2584 sunt
202 2545 248 2582 ad
267 2545 398 2582 finem:
420 2545 536 2593 gratia
558 2554 679 2581 autem
703 2554 846 2592 gratum
861 2545 997 2582 faciens
1015 2547 1158 2582 ordinat
1179 2546 1369 2582 hominem
1394 2547 1602 2583 immediate
1622 2550 1664 2583 ati

96 2599 396 2648 coniunctionem
418 2598 536 2634 ultimi
558 2598 654 2634 finis:
678 2599 814 2644 gratiae
834 2608 954 2635 autem
974 2601 1084 2644 gratis
1103 2600 1207 2634 datae
1222 2601 1390 2635 ordinant
1408 2601 1597 2636 hominem
1621 2603 1664 2637 ad

96 2652 278 2702 quaedam
297 2653 566 2701 praeparatoria
586 2652 665 2687 finis
681 2652 817 2688 ultimi:
839 2653 933 2689 sicut
946 2665 1009 2700 per
1030 2654 1272 2700 prophetiam,
1291 2663 1325 2689 et
1341 2654 1527 2696 miracula,
1542 2664 1578 2691 et
1596 2656 1665 2690 alia

95 2706 310 2754 hujusmodi
329 2706 500 2742 homines
521 2706 740 2741 inducuntur
761 2706 805 2741 ad
832 2706 917 2749 hoc,
944 2707 1041 2754 quod
1070 2707 1198 2742 ultimo
1227 2707 1287 2741 fini
1315 2709 1604 2752 conjungantur:
1631 2718 1666 2744 et

96 2760 182 2797 ideo
201 2759 319 2808 gratia
339 2768 484 2808 gutum
506 2759 644 2795 faciens
667 2768 720 2795 est
742 2759 858 2795 multo
880 2760 1128 2802 excellentior,
1150 2772 1261 2807 quam
1285 2762 1399 2805 gratia
1421 2763 1531 2806 gratis
1552 2762 1646 2798 data.

168 2813 389 2875 erntun
403 2824 493 2860 ergo
506 2813 714 2856 dicendum,
725 2813 835 2860 quod,
845 2814 939 2850 sicut
979 2813 1232 2849 hilos.d1citm
1251 2824 1302 2849 12.
1315 2814 1474 2862 Metaph.
1490 2816 1573 2859 (teat
1584 2818 1664 2861 52),

96 2866 238 2904 bonum
255 2865 510 2909 numinis,
530 2866 624 2902 sicut
645 2866 837 2909 exercitus,
858 2875 913 2903 est
964 2867 1089 2914 uplex:
1115 2880 1217 2902 unum
1245 2867 1404 2915 quidem,
1426 2869 1523 2915 quod
1550 2878 1604 2904 est
1630 2870 1664 2904 in

97 2920 177 2970 ipu-
194 2918 448 2963 miniandum
468 2927 554 2968 puta
575 2919 669 2956 ordo
690 2920 885 2957 exercitus:
906 2920 999 2956 aliud
1025 2928 1146 2956 autem
1173 2929 1240 2963 est,
1261 2922 1358 2968 quod
1380 2930 1435 2957 est
1459 2930 1664 2968 separatum

239 3000 270 3033 S.
287 2999 412 3030 Τιοιυι
434 3000 537 3029 san-a
564 3001 726 3038 Thaletica.
747 3001 812 3029 vol.
835 3001 872 3030 11.
1493 3014 1519 3037 55
