1907 3198
502 183 726 219 QUAESTIO
760 183 893 212 LXVII.
927 182 1173 213 ARTICULUS
1208 182 1236 213 Ι.
1575 172 1656 226 461

84 263 171 312 (cap.
193 264 244 300 18.
266 269 342 300 ante
367 264 465 310 med.)
478 277 488 300 :
512 265 655 300 Activae
680 266 770 299 vitae
791 271 891 311 opera
913 276 988 299 cum
1010 270 1148 311 corpore
1174 269 1367 305 transenna·
1397 275 1484 310 ergo
1511 263 1662 299 virtutes

83 316 241 352 morales
263 329 338 352 non
360 326 510 353 manent
531 327 613 365 post
635 318 729 352 hanc
751 319 876 352 vitam.

157 383 187 418 3.
209 371 447 407 PRAETEREA.
472 370 745 418 Temperantia,
761 380 795 407 et
815 371 1002 414 fortitudo,
1019 383 1111 418 quae
1133 380 1215 406 sunt
1228 372 1378 406 virtutes
1394 371 1564 414 morales,
1581 380 1664 406 sunt

80 425 349 460 irrationalium
370 425 539 472 partium,
563 434 600 460 ut
621 426 759 461 Philos.
783 426 869 460 dicit
894 426 931 460 in
962 438 989 472 3.
1019 426 1136 460 Ethic.
1164 426 1253 472 (cap.
1282 438 1332 461 ιο.
1361 427 1396 460 in
1417 427 1570 472 princ.).·
1600 425 1662 459 sed

80 478 308 514 irrationales
339 488 458 526 partes
487 479 630 514 animae
661 487 944 526 corrumpuntur
971 487 1143 525 corrupto
1175 490 1349 525 corpore3
1381 491 1424 514 eo
1455 479 1553 525 quod
1581 487 1664 514 sunt

82 540 183 567 actus
205 543 430 579 organorum
453 532 719 580 corporalium3
742 545 830 579 ergo
853 533 1006 575 videtur,
1029 533 1127 579 quod
1149 533 1299 568 virtutes
1319 532 1477 567 morales
1495 544 1570 567 non
1591 544 1664 567 ma—

81 594 192 622 neant
212 594 296 634 post
315 586 410 621 hanc
433 587 558 621 vitam.

155 640 230 676 SED
250 651 407 676 CONTRA
429 649 493 684 est,
517 641 614 688 quod
637 641 768 676 dicitur
795 641 880 688 Sap.
913 652 940 676 1.
969 641 1068 688 quod
1093 641 1228 687 justitia
1255 649 1428 688 perpetua
1456 649 1520 683 est,
1543 649 1578 675 et
1599 641 1663 674 im-

83 693 259 730 mortalis.

154 747 385 784 RESPONDEO
408 748 616 792 dicendum,
632 749 741 796 quod,
760 749 854 784 sicut
875 748 1101 795 Augustinus
1116 748 1203 783 dicit
1216 748 1252 782 in
1272 758 1323 792 14.
1340 749 1383 783 de
1401 747 1503 782 Trin.
1525 748 1612 795 (cap.
1629 761 1661 795 9.

81 814 102 837 a
117 803 262 850 princ),
274 802 418 837 Tullius
429 803 561 849 posuit,
576 812 659 850 post
673 803 768 838 hanc
784 803 899 838 vitam
921 811 1078 849 quatuor
1092 803 1241 837 virtutes
1258 802 1460 837 cardinales
1478 814 1553 837 non
1573 814 1662 845 esse,

82 855 145 891 sed
166 855 203 890 in
226 855 295 890 alia
317 857 390 891 vita
412 857 581 892 homines
609 869 685 892 esse
712 857 839 892 beatos
868 856 946 892 sola
975 856 1185 903 cognitione
1208 864 1370 898 naturae,
1395 868 1464 903 qua
1491 856 1584 890 nihil
1611 866 1665 892 est

84 909 226 952 melius,
241 918 303 944 aut
317 910 508 945 amabilius
522 912 572 956 (ut
583 912 788 957 Augustinus
801 911 881 946 dicit
896 910 1045 956 ibidem),
1059 922 1101 944 ea
1111 909 1250 945 scilicet
1264 919 1404 952 natura,
1419 922 1511 957 quae
1529 911 1664 945 creavit

83 975 214 999 omnes
232 974 389 1000 naturas.
412 965 493 1012 Ipse
516 973 638 1000 autem
660 974 788 1012 postea
811 965 1030 1000 determinat
1051 964 1264 1010 hujusmodi
1287 972 1443 1011 quatuor
1464 965 1613 999 virtutes
1629 967 1663 999 in

83 1017 201 1053 futura
223 1019 297 1053 vita
320 1018 492 1062 existere3
514 1027 637 1054 tamen
666 1019 737 1054 alio
766 1019 890 1054 modo.
918 1019 976 1053 Ad
1005 1020 1106 1064 cujus
1134 1018 1354 1052 evidentiam
1382 1019 1572 1053 sciendum
1599 1027 1664 1061 est,

84 1072 183 1119 quod
203 1072 239 1106 in
261 1072 475 1118 hujusmodi
495 1073 687 1108 virtutibus
708 1073 843 1120 aliquid
866 1082 919 1108 est
940 1072 1106 1115 formale,
1123 1081 1156 1107 et
1179 1072 1313 1119 aliquid
1336 1073 1439 1119 quasi
1458 1073 1663 1108 materiale:

85 1125 274 1161 materiale
297 1126 444 1172 quidem
467 1135 520 1161 est
540 1127 576 1161 in
600 1127 656 1162 his
678 1127 868 1162 virtutibus
891 1126 1079 1161 inclinatio
1101 1126 1282 1172 quaedam
1309 1127 1419 1172 partis
1447 1127 1664 1173 appetitivae

86 1180 130 1214 ad
152 1179 351 1227 passiones,
366 1179 425 1214 vel
443 1181 673 1227 operationes
689 1181 890 1215 secundum
906 1181 1059 1215 modum
1075 1180 1252 1226 aliquem:
1276 1180 1337 1214 sed
1353 1181 1436 1226 quia
1451 1181 1517 1215 iste
1532 1181 1664 1216 modus

85 1233 346 1268 determinatur
368 1245 386 1268 a
408 1234 560 1277 ratione,
587 1235 670 1269 ideo
693 1234 850 1269 formale
873 1235 908 1269 in
932 1234 1102 1269 omnibus
1124 1234 1315 1268 virtutibus
1339 1242 1392 1268 est
1412 1235 1488 1281 ipse
1504 1235 1594 1269 ordo
1614 1247 1666 1269 ra-

84 1287 187 1322 tioni.
210 1287 270 1322 Sic
292 1287 402 1334 igitur
423 1288 618 1323 dicendum
635 1296 699 1330 est,
722 1289 820 1335 quod
834 1288 1046 1334 hujusmodi
1061 1288 1210 1322 virtutes
1226 1287 1384 1322 morales
1399 1288 1436 1322 in
1453 1287 1572 1323 futura
1591 1289 1664 1323 vita

84 1352 159 1376 non
182 1349 331 1376 manent
352 1350 529 1388 quantum
552 1343 595 1376 ad
614 1342 662 1384 id,
685 1343 782 1388 quod
805 1350 859 1376 est
880 1340 1070 1376 materiale
1092 1341 1128 1375 in
1157 1341 1222 1376 eis:
1251 1353 1326 1376 non
1354 1342 1453 1376 enim
1479 1342 1665 1377 habebunt

84 1394 120 1428 in
141 1393 260 1429 futura
282 1395 356 1429 vita
376 1394 502 1430 locum
525 1396 857 1443 concupiscentiae,
881 1404 915 1430 et
937 1394 1199 1430 delectationes
1224 1396 1403 1438 ciborum,
1432 1404 1467 1430 et
1492 1408 1665 1431 venereo-

84 1459 188 1491 rum;
209 1459 327 1495 neque
349 1449 460 1484 etiam
481 1449 644 1492 timores,
667 1457 703 1484 et
725 1449 900 1484 audaciae
923 1449 1020 1483 circa
1042 1449 1204 1495 pericula
1231 1449 1380 1492 mortis;
1407 1461 1525 1497 neque
1553 1450 1663 1484 etiam

83 1501 364 1545 distributiones,
387 1511 422 1538 et
444 1503 800 1538 communicationes
823 1515 957 1546 rerum,
980 1514 1072 1550 quae
1094 1503 1245 1537 veniunt
1265 1503 1301 1537 in
1330 1515 1436 1538 usum
1463 1505 1662 1551 praesentis

83 1555 189 1590 vitae.
212 1555 285 1591 Sed
307 1565 483 1603 quantum
503 1557 547 1592 ad
569 1558 616 1600 id,
640 1558 738 1604 quod
761 1566 815 1592 est
835 1557 1003 1599 formale,
1027 1557 1267 1592 remanebunt
1289 1557 1324 1591 in
1346 1558 1460 1592 beatis
1482 1558 1663 1605 perfectis-

83 1609 197 1644 simae
218 1617 299 1656 post
320 1610 415 1645 hanc
437 1611 574 1654 vitam;
596 1612 814 1658 inquantum
837 1611 928 1646 ratio
948 1611 1232 1658 uniuscujusque
1252 1612 1455 1646 rectissima
1478 1613 1544 1647 erit
1567 1613 1662 1647 circa

83 1673 138 1706 ea,
160 1675 252 1710 quae
275 1664 318 1698 ad
340 1664 460 1712 ipsum
474 1667 655 1712 pertinent
668 1665 871 1700 secundum
883 1673 1018 1700 statum
1033 1664 1157 1707 illum;
1181 1673 1216 1699 et
1229 1665 1283 1700 vis
1299 1666 1493 1712 appetitiva
1510 1667 1663 1701 omnino

84 1717 289 1752 movebitur
309 1719 511 1753 secundum
533 1719 701 1754 ordinem
716 1720 865 1754 rationis
889 1719 926 1753 in
940 1719 1008 1761 his,
1025 1731 1117 1766 quae
1133 1720 1176 1754 ad
1192 1727 1325 1754 statum
1341 1719 1444 1754 illum
1461 1721 1641 1767 pertinent
1656 1733 1663 1755 ε

83 1771 178 1806 unde
200 1771 427 1818 Augustinus
449 1773 585 1808 ibidem
607 1774 705 1816 dicit,
727 1773 825 1820 quod
848 1773 1039 1820 prudentia
1061 1773 1110 1807 ibi
1132 1773 1199 1808 erit
1225 1774 1302 1808 sine
1325 1773 1400 1808 ullo
1423 1774 1586 1821 periculo
1615 1786 1665 1809 er-

84 1825 197 1869 roris;
218 1825 393 1861 fortitudo
416 1827 493 1861 sine
517 1827 686 1862 molestia
708 1827 987 1862 tolerandorum
1010 1827 1213 1870 malorum3
1236 1829 1477 1874 temperantia
1506 1829 1582 1863 sine
1610 1840 1664 1863 re-

83 1879 306 1926 pugnatione
329 1879 541 1924 libidinum;
564 1889 602 1916 ut
620 1882 832 1928 prudentiae
855 1881 900 1916 sit
920 1881 1062 1915 nullum
1084 1882 1224 1915 bonum
1246 1881 1327 1916 Deo
1351 1893 1587 1928 praeponere,
1606 1882 1664 1917 vel

84 1944 251 1980 aequare,
273 1933 491 1970 fortitudinis
515 1935 546 1970 ei
569 1935 778 1970 firmissime
801 1935 1004 1977 inhaerere,
1020 1935 1257 1981 temperatiae
1273 1935 1375 1969 nullo
1392 1935 1534 1971 defectu
1553 1937 1663 1971 noxio

84 1987 266 2023 delectari.
288 1988 346 2023 De
368 1989 503 2034 justitia
525 2001 612 2024 vero
636 1989 862 2024 manifestius
886 1997 950 2031 est,
978 2000 1088 2036 quem
1116 1997 1239 2023 actum
1266 1989 1314 2023 ibi
1341 1990 1498 2032 habebit,
1525 1990 1665 2025 scilicet

85 2053 162 2077 esse
179 2041 347 2078 subditum
361 2043 454 2085 Deo;
479 2043 563 2090 quia
583 2044 692 2078 etiam
715 2044 751 2078 in
773 2043 842 2078 hac
857 2043 931 2078 vita
955 2043 997 2077 ad
1020 2043 1195 2089 justitiam
1217 2043 1372 2089 pertinet
1386 2055 1463 2078 esse
1479 2044 1662 2079 subditum

83 2096 271 2143 superiori.

154 2150 216 2185 AD
242 2161 393 2186 PRIMUM
415 2162 503 2198 ergo
526 2151 736 2194 dicendum,
759 2151 856 2198 quod
876 2150 1125 2198 Philosophus
1147 2150 1308 2198 loquitur
1330 2151 1379 2186 ibi
1394 2152 1436 2186 de
1451 2152 1663 2197 hujusmodi

83 2203 272 2239 virtutibus
295 2204 507 2248 moralibus,
529 2214 705 2252 quantum
727 2205 770 2239 ad
794 2206 840 2248 id,
863 2205 960 2251 quod
984 2204 1171 2239 materiale
1195 2214 1247 2239 est
1269 2205 1306 2239 in
1329 2205 1401 2248 eis;
1424 2206 1517 2240 sicut
1543 2206 1587 2241 de
1615 2207 1664 2252 ju-

84 2257 191 2300 stitia,
213 2266 389 2305 quantum
417 2259 461 2293 ad
484 2259 806 2301 commutationes,
822 2267 856 2294 et
871 2259 1161 2301 distributiones;
1185 2259 1228 2293 de
1243 2258 1466 2302 fortitudine,
1486 2269 1662 2306 quantum

87 2311 131 2346 ad
151 2311 337 2355 terribilia,
359 2320 394 2348 et
411 2313 592 2360 pericula;
609 2313 652 2348 de
670 2313 922 2360 temperantia,
938 2321 1114 2359 quantum
1131 2313 1173 2347 ad
1190 2314 1506 2360 concupiscentias
1522 2326 1662 2360 pravas.

154 2364 200 2400 Et
220 2365 387 2401 similiter
404 2367 601 2402 dicendum
616 2375 670 2402 est
683 2378 733 2402 An
750 2377 959 2402 SECUNDUM
976 2379 983 2401 ε
1007 2378 1048 2402 ea
1068 2367 1178 2410 enim,
1195 2378 1287 2414 quae
1303 2376 1386 2402 sunt
1401 2368 1540 2403 activae
1555 2369 1663 2410 vitae,

85 2419 319 2455 materialiter
340 2432 378 2456 se
400 2421 536 2456 habent
557 2421 600 2455 ad
623 2421 783 2456 virtutes.

155 2473 216 2509 AD
239 2484 413 2510 TERTHJM
435 2475 643 2517 dicendum,
667 2475 764 2521 quod
784 2483 896 2510 status
919 2484 1002 2522 post
1023 2475 1116 2510 hanc
1132 2475 1245 2510 vitam
1269 2483 1323 2510 est
1344 2475 1487 2523 duplex:
1507 2488 1571 2510 uno
1591 2477 1664 2522 qui-

86 2525 170 2562 dem
192 2535 274 2563 ante
296 2529 613 2571 resurrectionem,
636 2529 782 2576 quando
806 2529 949 2564 animae
972 2537 1076 2564 erunt
1092 2541 1110 2563 a
1127 2529 1340 2576 corporibus
1355 2538 1542 2576 separatae
1556 2542 1562 2563 :
1578 2531 1664 2565 ullus

87 2589 209 2616 autern
230 2590 313 2629 post
333 2583 649 2626 resurrectionem,
673 2583 820 2629 quando
843 2583 986 2617 animae
1008 2583 1138 2618 iterato
1158 2583 1371 2630 corporibus
1387 2584 1460 2618 suis
1476 2585 1662 2618 unientur:

86 2634 122 2670 in
143 2634 207 2670 illo
230 2647 318 2682 ergo
341 2637 615 2672 resurrectionis·
638 2644 731 2671 statu
755 2645 859 2671 erunt
880 2637 974 2672 vires
996 2636 1225 2672 irrationales
1247 2637 1283 2671 in
1311 2638 1459 2682 organis
1487 2638 1662 2684 corporis,

86 2688 180 2724 sicut
199 2697 235 2725 et
254 2701 351 2725 nunc
373 2699 476 2733 sunt;
498 2691 592 2725 unde
615 2698 651 2725 et
672 2691 804 2737 poterit
825 2691 861 2725 in
883 2691 1054 2726 irascibili
1077 2702 1154 2726 esse
1177 2690 1364 2733 fortitudo,
1387 2700 1422 2725 et
1443 2691 1477 2725 in
1495 2692 1664 2738 concupi-

87 2742 204 2778 scibili
222 2745 485 2790 temperantia3
508 2746 724 2791 inquantum
746 2753 897 2791 utraque
920 2745 973 2780 vis
989 2744 1146 2792 perfecte
1162 2745 1228 2779 erit
1243 2745 1416 2791 disposita
1436 2745 1480 2779 ad
1497 2746 1665 2780 obedien-

87 2795 173 2832 dum
194 2797 342 2833 rationi:
366 2798 428 2833 sed
450 2798 487 2832 in
509 2806 602 2833 statu
626 2807 709 2834 ante
732 2799 1038 2834 resurrectionem
1061 2807 1180 2846 partes
1207 2798 1436 2833 irrationales
1457 2810 1530 2833 non
1560 2808 1664 2834 erunt

88 2858 170 2886 actu
190 2851 227 2887 in
249 2851 384 2895 anima,
406 2852 468 2887 sed
491 2851 612 2887 solum
635 2852 837 2888 radicaliter
860 2853 895 2887 in
918 2854 1075 2888 essentia
1097 2853 1220 2900 ipsius,
1250 2861 1287 2887 ut
1314 2853 1348 2886 in
1377 2853 1496 2899 primo
1525 2853 1662 2888 dictum

87 2912 142 2940 est
162 2904 207 2953 (q.
230 2916 283 2953 77.
305 2911 369 2941 art.
391 2906 461 2951 8.),·
486 2906 581 2941 uude
604 2917 670 2941 nec
693 2906 905 2953 hujusmodi
927 2908 1076 2942 virtutes
1099 2915 1204 2941 erunt
1225 2907 1260 2941 in
1282 2915 1376 2948 actu,
1396 2907 1464 2941 nisi
1479 2906 1513 2941 in
1531 2907 1662 2949 radice,
