<?xml version="1.0" encoding="UTF-8"?>
<!DOCTYPE html PUBLIC "-//W3C//DTD XHTML 1.0 Transitional//EN"
    "http://www.w3.org/TR/xhtml1/DTD/xhtml1-transitional.dtd">
<html xmlns="http://www.w3.org/1999/xhtml" xml:lang="en" lang="en">
 <head>
  <title>
</title>
<meta http-equiv="Content-Type" content="text/html;charset=utf-8" />
  <meta name='ocr-system' content='tesseract 3.04.00' />
  <meta name='ocr-capabilities' content='ocr_page ocr_carea ocr_par ocr_line ocrx_word'/>
</head>
<body>
  <div class='ocr_page' id='page_1' title='image "./divithomaeaquina02thomuoft_0194.png"; bbox 0 0 1907 3182; ppageno 0'>
   <div class='ocr_carea' id='block_1_1' title="bbox 268 169 1393 212">
    <p class='ocr_par' dir='ltr' id='par_1_1' title="bbox 268 169 1393 212">
     <span class='ocr_line' id='line_1_1' title="bbox 268 169 1393 212; baseline 0.001 -14"><span class='ocrx_word' id='word_1_1' title='bbox 268 170 347 212; x_wconf 84' lang='lat'>190</span> <span class='ocrx_word' id='word_1_2' title='bbox 681 169 902 204; x_wconf 90' lang='lat' dir='ltr'><strong>QUAESTIO</strong></span> <span class='ocrx_word' id='word_1_3' title='bbox 936 170 1056 199; x_wconf 86' lang='lat' dir='ltr'><strong>XXIII.</strong></span> <span class='ocrx_word' id='word_1_4' title='bbox 1090 170 1332 200; x_wconf 89' lang='lat' dir='ltr'><strong>ARTICULUS</strong></span> <span class='ocrx_word' id='word_1_5' title='bbox 1366 170 1393 199; x_wconf 92' lang='lat'>1.</span> 
     </span>
    </p>
   </div>
   <div class='ocr_carea' id='block_1_2' title="bbox 259 249 1829 2919">
    <p class='ocr_par' dir='ltr' id='par_1_2' title="bbox 262 249 1820 403">
     <span class='ocr_line' id='line_1_2' title="bbox 336 249 1820 297; baseline 0.001 -13"><span class='ocrx_word' id='word_1_6' title='bbox 336 261 365 296; x_wconf 80' lang='lat'>3.</span> <span class='ocrx_word' id='word_1_7' title='bbox 392 249 627 284; x_wconf 78' lang='lat' dir='ltr'>PRAETEREA.</span> <span class='ocrx_word' id='word_1_8' title='bbox 647 250 850 294; x_wconf 76' lang='lat' dir='ltr'>Passiones,</span> <span class='ocrx_word' id='word_1_9' title='bbox 871 259 905 285; x_wconf 86' lang='lat' dir='ltr'>et</span> <span class='ocrx_word' id='word_1_10' title='bbox 927 259 1025 285; x_wconf 83' lang='lat' dir='ltr'>actus</span> <span class='ocrx_word' id='word_1_11' title='bbox 1045 250 1211 285; x_wconf 86' lang='lat' dir='ltr'>differunt</span> <span class='ocrx_word' id='word_1_12' title='bbox 1228 252 1346 297; x_wconf 90' lang='lat' dir='ltr'>specie</span> <span class='ocrx_word' id='word_1_13' title='bbox 1364 251 1563 286; x_wconf 90' lang='lat' dir='ltr'>secundum</span> <span class='ocrx_word' id='word_1_14' title='bbox 1581 252 1738 297; x_wconf 85' lang='lat' dir='ltr'>objecta:</span> <span class='ocrx_word' id='word_1_15' title='bbox 1758 252 1820 286; x_wconf 92' lang='lat' dir='ltr'>sed</span> 
     </span>
     <span class='ocr_line' id='line_1_3' title="bbox 262 303 1820 350; baseline 0.001 -13"><span class='ocrx_word' id='word_1_16' title='bbox 262 304 472 348; x_wconf 82' lang='lat' dir='ltr'>passionum</span> <span class='ocrx_word' id='word_1_17' title='bbox 494 303 693 346; x_wconf 81' lang='lat' dir='ltr'>irascibilis,</span> <span class='ocrx_word' id='word_1_18' title='bbox 717 311 749 338; x_wconf 87' lang='lat' dir='ltr'>et</span> <span class='ocrx_word' id='word_1_19' title='bbox 772 304 1060 350; x_wconf 90' lang='lat' dir='ltr'>concupiscibilis</span> <span class='ocrx_word' id='word_1_20' title='bbox 1088 305 1213 338; x_wconf 86' lang='lat' dir='ltr'>eadem</span> <span class='ocrx_word' id='word_1_21' title='bbox 1237 305 1376 349; x_wconf 85' lang='lat' dir='ltr'>objecta</span> <span class='ocrx_word' id='word_1_22' title='bbox 1397 311 1488 347; x_wconf 91' lang='lat' dir='ltr'>sunt,</span> <span class='ocrx_word' id='word_1_23' title='bbox 1511 304 1662 339; x_wconf 87' lang='lat' dir='ltr'>scilicet:</span> <span class='ocrx_word' id='word_1_24' title='bbox 1687 306 1820 347; x_wconf 80' lang='lat' dir='ltr'>bonum,</span> 
     </span>
     <span class='ocr_line' id='line_1_4' title="bbox 262 357 1654 403; baseline 0.001 -13"><span class='ocrx_word' id='word_1_25' title='bbox 262 363 296 390; x_wconf 86' lang='lat' dir='ltr'>et</span> <span class='ocrx_word' id='word_1_26' title='bbox 317 357 440 391; x_wconf 78' lang='lat' dir='ltr'>malum</span> <span class='ocrx_word' id='word_1_27' title='bbox 452 369 463 397; x_wconf 88' lang='lat'>‚·</span> <span class='ocrx_word' id='word_1_28' title='bbox 488 368 574 402; x_wconf 82' lang='lat' dir='ltr'>ergo</span> <span class='ocrx_word' id='word_1_29' title='bbox 598 357 746 391; x_wconf 87' lang='lat' dir='ltr'>eaedem</span> <span class='ocrx_word' id='word_1_30' title='bbox 768 358 953 403; x_wconf 77' lang='lat' dir='ltr'>passiones</span> <span class='ocrx_word' id='word_1_31' title='bbox 976 365 1057 391; x_wconf 89' lang='lat' dir='ltr'>sunt</span> <span class='ocrx_word' id='word_1_32' title='bbox 1079 357 1276 400; x_wconf 76' lang='lat' dir='ltr'>irascibilis,</span> <span class='ocrx_word' id='word_1_33' title='bbox 1300 365 1333 391; x_wconf 90' lang='lat' dir='ltr'>et</span> <span class='ocrx_word' id='word_1_34' title='bbox 1355 358 1654 403; x_wconf 86' lang='lat' dir='ltr'>concupiscibilis.</span> 
     </span>
    </p>

    <p class='ocr_par' dir='ltr' id='par_1_3' title="bbox 260 409 1822 722">
     <span class='ocr_line' id='line_1_5' title="bbox 333 409 1821 456; baseline 0.001 -13"><span class='ocrx_word' id='word_1_35' title='bbox 333 409 406 444; x_wconf 78' lang='lat' dir='ltr'>SED</span> <span class='ocrx_word' id='word_1_36' title='bbox 435 421 599 445; x_wconf 56' lang='lat' dir='ltr'>CONTRA,</span> <span class='ocrx_word' id='word_1_37' title='bbox 635 410 869 444; x_wconf 79' lang='lat' dir='ltr'>Diversarum</span> <span class='ocrx_word' id='word_1_38' title='bbox 903 412 1145 456; x_wconf 88' lang='lat' dir='ltr'>potentiarum</span> <span class='ocrx_word' id='word_1_39' title='bbox 1180 418 1277 444; x_wconf 87' lang='lat' dir='ltr'>actus</span> <span class='ocrx_word' id='word_1_40' title='bbox 1307 418 1388 444; x_wconf 90' lang='lat' dir='ltr'>sunt</span> <span class='ocrx_word' id='word_1_41' title='bbox 1413 412 1531 456; x_wconf 91' lang='lat' dir='ltr'>specie</span> <span class='ocrx_word' id='word_1_42' title='bbox 1558 411 1704 453; x_wconf 74' lang='lat' dir='ltr'>diversi,</span> <span class='ocrx_word' id='word_1_43' title='bbox 1732 412 1821 445; x_wconf 92' lang='lat' dir='ltr'>sicut</span> 
     </span>
     <span class='ocr_line' id='line_1_6' title="bbox 260 462 1822 510; baseline 0.001 -15"><span class='ocrx_word' id='word_1_44' title='bbox 260 462 392 505; x_wconf 87' lang='lat' dir='ltr'>videre,</span> <span class='ocrx_word' id='word_1_45' title='bbox 415 471 449 497; x_wconf 87' lang='lat' dir='ltr'>et</span> <span class='ocrx_word' id='word_1_46' title='bbox 471 464 608 497; x_wconf 87' lang='lat' dir='ltr'>audire:</span> <span class='ocrx_word' id='word_1_47' title='bbox 632 463 694 497; x_wconf 89' lang='lat' dir='ltr'>sed</span> <span class='ocrx_word' id='word_1_48' title='bbox 717 463 914 506; x_wconf 76' lang='lat' dir='ltr'>irascibilis,</span> <span class='ocrx_word' id='word_1_49' title='bbox 937 471 970 497; x_wconf 86' lang='lat' dir='ltr'>et</span> <span class='ocrx_word' id='word_1_50' title='bbox 1001 463 1290 510; x_wconf 88' lang='lat' dir='ltr'>concupiscibilis</span> <span class='ocrx_word' id='word_1_51' title='bbox 1312 471 1393 497; x_wconf 89' lang='lat' dir='ltr'>sunt</span> <span class='ocrx_word' id='word_1_52' title='bbox 1414 464 1504 498; x_wconf 84' lang='lat' dir='ltr'>duae</span> <span class='ocrx_word' id='word_1_53' title='bbox 1530 465 1712 510; x_wconf 86' lang='lat' dir='ltr'>potentiae</span> <span class='ocrx_word' id='word_1_54' title='bbox 1733 464 1822 498; x_wconf 91' lang='lat' dir='ltr'>divi-</span> 
     </span>
     <span class='ocr_line' id='line_1_7' title="bbox 261 515 1820 563; baseline 0.001 -14"><span class='ocrx_word' id='word_1_55' title='bbox 261 515 384 550; x_wconf 79' lang='lat' dir='ltr'>dentes</span> <span class='ocrx_word' id='word_1_56' title='bbox 405 518 602 562; x_wconf 85' lang='lat' dir='ltr'>appetitum</span> <span class='ocrx_word' id='word_1_57' title='bbox 629 516 851 559; x_wconf 85' lang='lat' dir='ltr'>sensitivum,</span> <span class='ocrx_word' id='word_1_58' title='bbox 878 523 915 550; x_wconf 90' lang='lat' dir='ltr'>ut</span> <span class='ocrx_word' id='word_1_59' title='bbox 940 517 977 550; x_wconf 91' lang='lat' dir='ltr'>in</span> <span class='ocrx_word' id='word_1_60' title='bbox 1004 517 1120 563; x_wconf 87' lang='lat' dir='ltr'>primo</span> <span class='ocrx_word' id='word_1_61' title='bbox 1149 517 1284 551; x_wconf 87' lang='lat' dir='ltr'>dictum</span> <span class='ocrx_word' id='word_1_62' title='bbox 1312 524 1363 550; x_wconf 91' lang='lat' dir='ltr'>est</span> <span class='ocrx_word' id='word_1_63' title='bbox 1392 517 1436 562; x_wconf 89' lang='lat' dir='ltr'>(q.</span> <span class='ocrx_word' id='word_1_64' title='bbox 1459 518 1508 552; x_wconf 80' lang='lat'>81.</span> <span class='ocrx_word' id='word_1_65' title='bbox 1531 523 1595 552; x_wconf 79' lang='lat' dir='ltr'>art.</span> <span class='ocrx_word' id='word_1_66' title='bbox 1618 518 1665 563; x_wconf 83' lang='lat'>2.)</span> <span class='ocrx_word' id='word_1_67' title='bbox 1680 529 1693 558; x_wconf 88' lang='lat'><em>;</em></span> <span class='ocrx_word' id='word_1_68' title='bbox 1722 528 1820 563; x_wconf 85' lang='lat' dir='ltr'>ergo,</span> 
     </span>
     <span class='ocr_line' id='line_1_8' title="bbox 262 570 1820 616; baseline 0.001 -14"><span class='ocrx_word' id='word_1_69' title='bbox 262 580 344 602; x_wconf 89' lang='lat' dir='ltr'>cum</span> <span class='ocrx_word' id='word_1_70' title='bbox 359 571 542 615; x_wconf 77' lang='lat' dir='ltr'>passiones</span> <span class='ocrx_word' id='word_1_71' title='bbox 557 570 627 603; x_wconf 89' lang='lat' dir='ltr'>sint</span> <span class='ocrx_word' id='word_1_72' title='bbox 642 577 762 603; x_wconf 86' lang='lat' dir='ltr'>motus</span> <span class='ocrx_word' id='word_1_73' title='bbox 778 570 952 616; x_wconf 90' lang='lat' dir='ltr'>appetitus</span> <span class='ocrx_word' id='word_1_74' title='bbox 968 571 1139 612; x_wconf 82' lang='lat' dir='ltr'>sensitivi,</span> <span class='ocrx_word' id='word_1_75' title='bbox 1151 578 1188 604; x_wconf 88' lang='lat' dir='ltr'>ut</span> <span class='ocrx_word' id='word_1_76' title='bbox 1202 581 1307 616; x_wconf 85' lang='lat' dir='ltr'>supra</span> <span class='ocrx_word' id='word_1_77' title='bbox 1322 570 1456 604; x_wconf 86' lang='lat' dir='ltr'>dictum</span> <span class='ocrx_word' id='word_1_78' title='bbox 1475 578 1527 604; x_wconf 90' lang='lat' dir='ltr'>est</span> <span class='ocrx_word' id='word_1_79' title='bbox 1543 570 1588 616; x_wconf 81' lang='lat' dir='ltr'>(q.</span> <span class='ocrx_word' id='word_1_80' title='bbox 1603 582 1656 605; x_wconf 83' lang='lat'>22.</span> <span class='ocrx_word' id='word_1_81' title='bbox 1671 575 1734 604; x_wconf 76' lang='lat' dir='ltr'>art.</span> <span class='ocrx_word' id='word_1_82' title='bbox 1750 571 1820 616; x_wconf 90' lang='lat'><em>2.);</em></span> 
     </span>
     <span class='ocr_line' id='line_1_9' title="bbox 260 623 1822 670; baseline 0.001 -14"><span class='ocrx_word' id='word_1_83' title='bbox 260 624 458 667; x_wconf 73' lang='lat' dir='ltr'>passiones,</span> <span class='ocrx_word' id='word_1_84' title='bbox 474 635 563 669; x_wconf 86' lang='lat' dir='ltr'>quae</span> <span class='ocrx_word' id='word_1_85' title='bbox 583 630 665 656; x_wconf 87' lang='lat' dir='ltr'>sunt</span> <span class='ocrx_word' id='word_1_86' title='bbox 685 623 720 656; x_wconf 90' lang='lat' dir='ltr'>in</span> <span class='ocrx_word' id='word_1_87' title='bbox 740 623 919 665; x_wconf 82' lang='lat' dir='ltr'>irascibili,</span> <span class='ocrx_word' id='word_1_88' title='bbox 936 631 1037 658; x_wconf 87' lang='lat' dir='ltr'>erunt</span> <span class='ocrx_word' id='word_1_89' title='bbox 1051 624 1141 658; x_wconf 88' lang='lat' dir='ltr'>aliae</span> <span class='ocrx_word' id='word_1_90' title='bbox 1156 623 1354 658; x_wconf 87' lang='lat' dir='ltr'>secundum</span> <span class='ocrx_word' id='word_1_91' title='bbox 1375 624 1533 670; x_wconf 89' lang='lat' dir='ltr'>speciem</span> <span class='ocrx_word' id='word_1_92' title='bbox 1551 635 1571 658; x_wconf 91' lang='lat' dir='ltr'>a</span> <span class='ocrx_word' id='word_1_93' title='bbox 1585 624 1822 670; x_wconf 82' lang='lat' dir='ltr'>passionibus,</span> 
     </span>
     <span class='ocr_line' id='line_1_10' title="bbox 262 676 816 722; baseline 0.004 -14"><span class='ocrx_word' id='word_1_94' title='bbox 262 687 352 721; x_wconf 88' lang='lat' dir='ltr'>quae</span> <span class='ocrx_word' id='word_1_95' title='bbox 374 684 457 710; x_wconf 86' lang='lat' dir='ltr'>sunt</span> <span class='ocrx_word' id='word_1_96' title='bbox 478 677 513 709; x_wconf 94' lang='lat' dir='ltr'>in</span> <span class='ocrx_word' id='word_1_97' title='bbox 537 676 816 722; x_wconf 84' lang='lat' dir='ltr'>concupiscibili.</span> 
     </span>
    </p>

    <p class='ocr_par' dir='ltr' id='par_1_4' title="bbox 259 729 1828 2062">
     <span class='ocr_line' id='line_1_11' title="bbox 331 729 1822 777; baseline 0.001 -14"><span class='ocrx_word' id='word_1_98' title='bbox 331 729 559 764; x_wconf 76' lang='lat' dir='ltr'>RESPONDEO</span> <span class='ocrx_word' id='word_1_99' title='bbox 589 730 793 772; x_wconf 88' lang='lat' dir='ltr'>dicendum,</span> <span class='ocrx_word' id='word_1_100' title='bbox 816 730 913 776; x_wconf 86' lang='lat' dir='ltr'>quod</span> <span class='ocrx_word' id='word_1_101' title='bbox 934 732 1132 777; x_wconf 82' lang='lat' dir='ltr'>passiones,</span> <span class='ocrx_word' id='word_1_102' title='bbox 1154 742 1245 777; x_wconf 86' lang='lat' dir='ltr'>quae</span> <span class='ocrx_word' id='word_1_103' title='bbox 1269 738 1350 765; x_wconf 87' lang='lat' dir='ltr'>sunt</span> <span class='ocrx_word' id='word_1_104' title='bbox 1379 730 1414 764; x_wconf 90' lang='lat' dir='ltr'>in</span> <span class='ocrx_word' id='word_1_105' title='bbox 1436 730 1614 774; x_wconf 84' lang='lat' dir='ltr'>irascibili,</span> <span class='ocrx_word' id='word_1_106' title='bbox 1634 739 1669 766; x_wconf 88' lang='lat' dir='ltr'>et</span> <span class='ocrx_word' id='word_1_107' title='bbox 1686 732 1722 766; x_wconf 90' lang='lat' dir='ltr'>in</span> <span class='ocrx_word' id='word_1_108' title='bbox 1741 742 1822 765; x_wconf 92' lang='lat' dir='ltr'>con-</span> 
     </span>
     <span class='ocr_line' id='line_1_12' title="bbox 262 782 1822 830; baseline 0.001 -14"><span class='ocrx_word' id='word_1_109' title='bbox 262 783 469 829; x_wconf 89' lang='lat' dir='ltr'>cupiscibili,</span> <span class='ocrx_word' id='word_1_110' title='bbox 481 782 648 817; x_wconf 85' lang='lat' dir='ltr'>differunt</span> <span class='ocrx_word' id='word_1_111' title='bbox 657 785 786 829; x_wconf 89' lang='lat' dir='ltr'>specie:</span> <span class='ocrx_word' id='word_1_112' title='bbox 803 795 885 818; x_wconf 85' lang='lat' dir='ltr'>cum</span> <span class='ocrx_word' id='word_1_113' title='bbox 901 784 997 818; x_wconf 89' lang='lat' dir='ltr'>enim</span> <span class='ocrx_word' id='word_1_114' title='bbox 1014 785 1173 818; x_wconf 86' lang='lat' dir='ltr'>diversae</span> <span class='ocrx_word' id='word_1_115' title='bbox 1184 785 1365 830; x_wconf 88' lang='lat' dir='ltr'>potentiae</span> <span class='ocrx_word' id='word_1_116' title='bbox 1376 784 1511 818; x_wconf 88' lang='lat' dir='ltr'>habent</span> <span class='ocrx_word' id='word_1_117' title='bbox 1522 785 1660 819; x_wconf 85' lang='lat' dir='ltr'>diversa</span> <span class='ocrx_word' id='word_1_118' title='bbox 1671 785 1822 830; x_wconf 86' lang='lat' dir='ltr'>objecta,</span> 
     </span>
     <span class='ocr_line' id='line_1_13' title="bbox 261 836 1822 884; baseline 0.002 -15"><span class='ocrx_word' id='word_1_119' title='bbox 261 844 299 869; x_wconf 89' lang='lat' dir='ltr'>ut</span> <span class='ocrx_word' id='word_1_120' title='bbox 319 836 355 870; x_wconf 92' lang='lat' dir='ltr'>in</span> <span class='ocrx_word' id='word_1_121' title='bbox 376 837 493 882; x_wconf 92' lang='lat' dir='ltr'>primo</span> <span class='ocrx_word' id='word_1_122' title='bbox 513 836 648 870; x_wconf 86' lang='lat' dir='ltr'>dictum</span> <span class='ocrx_word' id='word_1_123' title='bbox 667 844 720 871; x_wconf 88' lang='lat' dir='ltr'>est</span> <span class='ocrx_word' id='word_1_124' title='bbox 738 837 785 882; x_wconf 85' lang='lat' dir='ltr'>(q.</span> <span class='ocrx_word' id='word_1_125' title='bbox 806 848 858 883; x_wconf 84' lang='lat'>77.</span> <span class='ocrx_word' id='word_1_126' title='bbox 881 842 944 872; x_wconf 79' lang='lat' dir='ltr'>art.</span> <span class='ocrx_word' id='word_1_127' title='bbox 962 838 1020 883; x_wconf 75' lang='lat'>3),</span> <span class='ocrx_word' id='word_1_128' title='bbox 1037 849 1184 872; x_wconf 85' lang='lat' dir='ltr'>necesse</span> <span class='ocrx_word' id='word_1_129' title='bbox 1204 845 1267 880; x_wconf 88' lang='lat' dir='ltr'>est,</span> <span class='ocrx_word' id='word_1_130' title='bbox 1282 838 1379 884; x_wconf 87' lang='lat' dir='ltr'>quod</span> <span class='ocrx_word' id='word_1_131' title='bbox 1397 838 1582 884; x_wconf 85' lang='lat' dir='ltr'>passiones</span> <span class='ocrx_word' id='word_1_132' title='bbox 1601 838 1822 872; x_wconf 88' lang='lat' dir='ltr'>diversarum</span> 
     </span>
     <span class='ocr_line' id='line_1_14' title="bbox 261 889 1825 938; baseline 0.001 -15"><span class='ocrx_word' id='word_1_133' title='bbox 261 890 503 936; x_wconf 88' lang='lat' dir='ltr'>potentiarum</span> <span class='ocrx_word' id='word_1_134' title='bbox 525 890 567 923; x_wconf 84' lang='lat' dir='ltr'>ad</span> <span class='ocrx_word' id='word_1_135' title='bbox 590 889 729 924; x_wconf 86' lang='lat' dir='ltr'>diversa</span> <span class='ocrx_word' id='word_1_136' title='bbox 753 890 893 936; x_wconf 87' lang='lat' dir='ltr'>objecta</span> <span class='ocrx_word' id='word_1_137' title='bbox 915 890 1134 926; x_wconf 86' lang='lat' dir='ltr'>referantur:</span> <span class='ocrx_word' id='word_1_138' title='bbox 1162 891 1256 925; x_wconf 91' lang='lat' dir='ltr'>unde</span> <span class='ocrx_word' id='word_1_139' title='bbox 1282 890 1397 925; x_wconf 89' lang='lat' dir='ltr'>multo</span> <span class='ocrx_word' id='word_1_140' title='bbox 1424 892 1539 937; x_wconf 87' lang='lat' dir='ltr'>magis</span> <span class='ocrx_word' id='word_1_141' title='bbox 1565 891 1751 938; x_wconf 87' lang='lat' dir='ltr'>passiones</span> <span class='ocrx_word' id='word_1_142' title='bbox 1777 891 1825 925; x_wconf 91' lang='lat' dir='ltr'>di-</span> 
     </span>
     <span class='ocr_line' id='line_1_15' title="bbox 260 943 1825 990; baseline 0.001 -14"><span class='ocrx_word' id='word_1_143' title='bbox 260 954 444 977; x_wconf 90' lang='lat' dir='ltr'>versarum</span> <span class='ocrx_word' id='word_1_144' title='bbox 466 945 707 989; x_wconf 85' lang='lat' dir='ltr'>potentiarum</span> <span class='ocrx_word' id='word_1_145' title='bbox 729 944 848 989; x_wconf 91' lang='lat' dir='ltr'>specie</span> <span class='ocrx_word' id='word_1_146' title='bbox 871 943 1060 978; x_wconf 83' lang='lat' dir='ltr'>differunt:</span> <span class='ocrx_word' id='word_1_147' title='bbox 1084 945 1200 990; x_wconf 84' lang='lat' dir='ltr'>major</span> <span class='ocrx_word' id='word_1_148' title='bbox 1222 945 1318 979; x_wconf 93' lang='lat' dir='ltr'>enirn</span> <span class='ocrx_word' id='word_1_149' title='bbox 1340 943 1538 979; x_wconf 87' lang='lat' dir='ltr'>differentia</span> <span class='ocrx_word' id='word_1_150' title='bbox 1561 945 1688 990; x_wconf 83' lang='lat' dir='ltr'>objecti</span> <span class='ocrx_word' id='word_1_151' title='bbox 1711 944 1825 990; x_wconf 91' lang='lat' dir='ltr'>requi-</span> 
     </span>
     <span class='ocr_line' id='line_1_16' title="bbox 260 997 1826 1044; baseline 0.001 -14"><span class='ocrx_word' id='word_1_152' title='bbox 260 997 347 1030; x_wconf 91' lang='lat' dir='ltr'>ritur</span> <span class='ocrx_word' id='word_1_153' title='bbox 369 997 412 1031; x_wconf 89' lang='lat' dir='ltr'>ad</span> <span class='ocrx_word' id='word_1_154' title='bbox 435 997 747 1031; x_wconf 82' lang='lat' dir='ltr'>diversificandam</span> <span class='ocrx_word' id='word_1_155' title='bbox 769 999 927 1044; x_wconf 91' lang='lat' dir='ltr'>speciem</span> <span class='ocrx_word' id='word_1_156' title='bbox 948 998 1201 1044; x_wconf 90' lang='lat' dir='ltr'>potentiarum,</span> <span class='ocrx_word' id='word_1_157' title='bbox 1225 1010 1333 1044; x_wconf 86' lang='lat' dir='ltr'>quam</span> <span class='ocrx_word' id='word_1_158' title='bbox 1352 998 1395 1032; x_wconf 90' lang='lat' dir='ltr'>ad</span> <span class='ocrx_word' id='word_1_159' title='bbox 1417 997 1729 1032; x_wconf 88' lang='lat' dir='ltr'>diversificandam</span> <span class='ocrx_word' id='word_1_160' title='bbox 1751 1009 1826 1044; x_wconf 88' lang='lat' dir='ltr'>spe-</span> 
     </span>
     <span class='ocr_line' id='line_1_17' title="bbox 261 1050 1824 1097; baseline 0.001 -13"><span class='ocrx_word' id='word_1_161' title='bbox 261 1050 353 1084; x_wconf 87' lang='lat' dir='ltr'>ciem</span> <span class='ocrx_word' id='word_1_162' title='bbox 379 1051 601 1096; x_wconf 85' lang='lat' dir='ltr'>passionum,</span> <span class='ocrx_word' id='word_1_163' title='bbox 627 1050 685 1084; x_wconf 88' lang='lat' dir='ltr'>vel</span> <span class='ocrx_word' id='word_1_164' title='bbox 710 1059 868 1085; x_wconf 84' lang='lat' dir='ltr'>actuum.</span> <span class='ocrx_word' id='word_1_165' title='bbox 898 1051 999 1085; x_wconf 86' lang='lat' dir='ltr'>Sicut</span> <span class='ocrx_word' id='word_1_166' title='bbox 1025 1051 1120 1086; x_wconf 88' lang='lat' dir='ltr'>enirn</span> <span class='ocrx_word' id='word_1_167' title='bbox 1148 1052 1184 1085; x_wconf 91' lang='lat' dir='ltr'>in</span> <span class='ocrx_word' id='word_1_168' title='bbox 1210 1051 1429 1085; x_wconf 89' lang='lat' dir='ltr'>naturalibus</span> <span class='ocrx_word' id='word_1_169' title='bbox 1466 1051 1650 1086; x_wconf 88' lang='lat' dir='ltr'>diversitas</span> <span class='ocrx_word' id='word_1_170' title='bbox 1684 1050 1824 1097; x_wconf 86' lang='lat' dir='ltr'>generis</span> 
     </span>
     <span class='ocr_line' id='line_1_18' title="bbox 263 1104 1826 1151; baseline 0.001 -14"><span class='ocrx_word' id='word_1_171' title='bbox 263 1105 495 1150; x_wconf 80' lang='lat' dir='ltr'>consequitur</span> <span class='ocrx_word' id='word_1_172' title='bbox 518 1104 760 1139; x_wconf 75' lang='lat' dir='ltr'>diversitatem</span> <span class='ocrx_word' id='word_1_173' title='bbox 786 1104 968 1151; x_wconf 87' lang='lat' dir='ltr'>potentiae</span> <span class='ocrx_word' id='word_1_174' title='bbox 994 1105 1177 1148; x_wconf 83' lang='lat' dir='ltr'>materiae,</span> <span class='ocrx_word' id='word_1_175' title='bbox 1205 1104 1391 1139; x_wconf 86' lang='lat' dir='ltr'>diversitas</span> <span class='ocrx_word' id='word_1_176' title='bbox 1418 1111 1539 1138; x_wconf 88' lang='lat' dir='ltr'>autern</span> <span class='ocrx_word' id='word_1_177' title='bbox 1560 1104 1695 1151; x_wconf 89' lang='lat' dir='ltr'>speciei</span> <span class='ocrx_word' id='word_1_178' title='bbox 1716 1104 1826 1139; x_wconf 85' lang='lat' dir='ltr'>diver-</span> 
     </span>
     <span class='ocr_line' id='line_1_19' title="bbox 261 1157 1824 1201; baseline 0.001 -10"><span class='ocrx_word' id='word_1_179' title='bbox 261 1157 403 1191; x_wconf 87' lang='lat' dir='ltr'>sitatem</span> <span class='ocrx_word' id='word_1_180' title='bbox 422 1157 561 1192; x_wconf 87' lang='lat' dir='ltr'>formae</span> <span class='ocrx_word' id='word_1_181' title='bbox 583 1158 619 1192; x_wconf 90' lang='lat' dir='ltr'>in</span> <span class='ocrx_word' id='word_1_182' title='bbox 642 1158 769 1192; x_wconf 88' lang='lat' dir='ltr'>eadem</span> <span class='ocrx_word' id='word_1_183' title='bbox 791 1160 959 1193; x_wconf 86' lang='lat' dir='ltr'>materia:</span> <span class='ocrx_word' id='word_1_184' title='bbox 988 1160 1035 1192; x_wconf 84' lang='lat' dir='ltr'>ita</span> <span class='ocrx_word' id='word_1_185' title='bbox 1062 1159 1098 1192; x_wconf 93' lang='lat' dir='ltr'>in</span> <span class='ocrx_word' id='word_1_186' title='bbox 1126 1158 1262 1192; x_wconf 90' lang='lat' dir='ltr'>actibus</span> <span class='ocrx_word' id='word_1_187' title='bbox 1289 1158 1442 1201; x_wconf 83' lang='lat' dir='ltr'>animae,</span> <span class='ocrx_word' id='word_1_188' title='bbox 1470 1165 1568 1192; x_wconf 91' lang='lat' dir='ltr'>actus</span> <span class='ocrx_word' id='word_1_189' title='bbox 1597 1158 1639 1192; x_wconf 92' lang='lat' dir='ltr'>ad</span> <span class='ocrx_word' id='word_1_190' title='bbox 1667 1157 1824 1192; x_wconf 82' lang='lat' dir='ltr'>diversas</span> 
     </span>
     <span class='ocr_line' id='line_1_20' title="bbox 261 1211 1825 1258; baseline 0 -13"><span class='ocrx_word' id='word_1_191' title='bbox 261 1211 437 1257; x_wconf 85' lang='lat' dir='ltr'>potentias</span> <span class='ocrx_word' id='word_1_192' title='bbox 460 1213 676 1258; x_wconf 85' lang='lat' dir='ltr'>pertinentes</span> <span class='ocrx_word' id='word_1_193' title='bbox 698 1220 780 1246; x_wconf 86' lang='lat' dir='ltr'>sunt</span> <span class='ocrx_word' id='word_1_194' title='bbox 801 1223 874 1246; x_wconf 91' lang='lat' dir='ltr'>non</span> <span class='ocrx_word' id='word_1_195' title='bbox 897 1212 1015 1246; x_wconf 88' lang='lat' dir='ltr'>solum</span> <span class='ocrx_word' id='word_1_196' title='bbox 1038 1214 1165 1258; x_wconf 89' lang='lat' dir='ltr'>specie,</span> <span class='ocrx_word' id='word_1_197' title='bbox 1189 1212 1251 1246; x_wconf 90' lang='lat' dir='ltr'>sed</span> <span class='ocrx_word' id='word_1_198' title='bbox 1274 1212 1382 1246; x_wconf 89' lang='lat' dir='ltr'>etiam</span> <span class='ocrx_word' id='word_1_199' title='bbox 1400 1223 1531 1258; x_wconf 85' lang='lat' dir='ltr'>genere</span> <span class='ocrx_word' id='word_1_200' title='bbox 1554 1211 1702 1246; x_wconf 89' lang='lat' dir='ltr'>diversi:</span> <span class='ocrx_word' id='word_1_201' title='bbox 1725 1219 1825 1245; x_wconf 87' lang='lat' dir='ltr'>actus</span> 
     </span>
     <span class='ocr_line' id='line_1_21' title="bbox 262 1264 1823 1312; baseline 0 -14"><span class='ocrx_word' id='word_1_202' title='bbox 262 1273 394 1307; x_wconf 87' lang='lat' dir='ltr'>autem,</span> <span class='ocrx_word' id='word_1_203' title='bbox 418 1264 474 1299; x_wconf 87' lang='lat' dir='ltr'>vel</span> <span class='ocrx_word' id='word_1_204' title='bbox 496 1267 680 1311; x_wconf 85' lang='lat' dir='ltr'>passiones</span> <span class='ocrx_word' id='word_1_205' title='bbox 702 1266 931 1312; x_wconf 89' lang='lat' dir='ltr'>respicientes</span> <span class='ocrx_word' id='word_1_206' title='bbox 955 1266 1093 1300; x_wconf 81' lang='lat' dir='ltr'>diversa</span> <span class='ocrx_word' id='word_1_207' title='bbox 1116 1267 1257 1311; x_wconf 84' lang='lat' dir='ltr'>objecta</span> <span class='ocrx_word' id='word_1_208' title='bbox 1283 1265 1452 1312; x_wconf 88' lang='lat' dir='ltr'>specialia</span> <span class='ocrx_word' id='word_1_209' title='bbox 1475 1265 1738 1311; x_wconf 86' lang='lat' dir='ltr'>comprehensa</span> <span class='ocrx_word' id='word_1_210' title='bbox 1760 1264 1823 1299; x_wconf 91' lang='lat' dir='ltr'>sub</span> 
     </span>
     <span class='ocr_line' id='line_1_22' title="bbox 262 1318 1824 1366; baseline 0.001 -14"><span class='ocrx_word' id='word_1_211' title='bbox 262 1329 334 1352; x_wconf 91' lang='lat' dir='ltr'>uno</span> <span class='ocrx_word' id='word_1_212' title='bbox 358 1320 545 1352; x_wconf 89' lang='lat' dir='ltr'>communi</span> <span class='ocrx_word' id='word_1_213' title='bbox 567 1319 708 1364; x_wconf 83' lang='lat' dir='ltr'>objecto</span> <span class='ocrx_word' id='word_1_214' title='bbox 740 1319 844 1353; x_wconf 87' lang='lat' dir='ltr'>unius</span> <span class='ocrx_word' id='word_1_215' title='bbox 875 1321 1067 1366; x_wconf 88' lang='lat' dir='ltr'>potentiae,</span> <span class='ocrx_word' id='word_1_216' title='bbox 1095 1319 1262 1354; x_wconf 85' lang='lat' dir='ltr'>differunt</span> <span class='ocrx_word' id='word_1_217' title='bbox 1286 1320 1378 1354; x_wconf 91' lang='lat' dir='ltr'>sicut</span> <span class='ocrx_word' id='word_1_218' title='bbox 1399 1321 1534 1366; x_wconf 89' lang='lat' dir='ltr'>species</span> <span class='ocrx_word' id='word_1_219' title='bbox 1556 1318 1650 1353; x_wconf 91' lang='lat' dir='ltr'>illius</span> <span class='ocrx_word' id='word_1_220' title='bbox 1672 1319 1824 1365; x_wconf 86' lang='lat' dir='ltr'>generis.</span> 
     </span>
     <span class='ocr_line' id='line_1_23' title="bbox 264 1372 1826 1419; baseline 0.001 -14"><span class='ocrx_word' id='word_1_221' title='bbox 264 1372 320 1405; x_wconf 88' lang='lat' dir='ltr'>Ad</span> <span class='ocrx_word' id='word_1_222' title='bbox 344 1372 640 1417; x_wconf 84' lang='lat' dir='ltr'>cognoscendum</span> <span class='ocrx_word' id='word_1_223' title='bbox 663 1384 760 1418; x_wconf 80' lang='lat' dir='ltr'>ergo,</span> <span class='ocrx_word' id='word_1_224' title='bbox 785 1385 875 1418; x_wconf 87' lang='lat' dir='ltr'>quae</span> <span class='ocrx_word' id='word_1_225' title='bbox 897 1373 1082 1419; x_wconf 83' lang='lat' dir='ltr'>passiones</span> <span class='ocrx_word' id='word_1_226' title='bbox 1104 1380 1185 1407; x_wconf 89' lang='lat' dir='ltr'>sunt</span> <span class='ocrx_word' id='word_1_227' title='bbox 1206 1373 1243 1407; x_wconf 90' lang='lat' dir='ltr'>in</span> <span class='ocrx_word' id='word_1_228' title='bbox 1266 1373 1444 1415; x_wconf 84' lang='lat' dir='ltr'>irascibili,</span> <span class='ocrx_word' id='word_1_229' title='bbox 1466 1381 1501 1407; x_wconf 90' lang='lat' dir='ltr'>et</span> <span class='ocrx_word' id='word_1_230' title='bbox 1522 1384 1612 1419; x_wconf 88' lang='lat' dir='ltr'>quae</span> <span class='ocrx_word' id='word_1_231' title='bbox 1636 1373 1673 1406; x_wconf 90' lang='lat' dir='ltr'>in</span> <span class='ocrx_word' id='word_1_232' title='bbox 1696 1383 1826 1406; x_wconf 90' lang='lat' dir='ltr'>concu-</span> 
     </span>
     <span class='ocr_line' id='line_1_24' title="bbox 264 1425 1826 1473; baseline 0.001 -15"><span class='ocrx_word' id='word_1_233' title='bbox 264 1425 427 1471; x_wconf 89' lang='lat' dir='ltr'>piscibili,</span> <span class='ocrx_word' id='word_1_234' title='bbox 450 1433 590 1472; x_wconf 89' lang='lat' dir='ltr'>oportet</span> <span class='ocrx_word' id='word_1_235' title='bbox 609 1437 791 1460; x_wconf 87' lang='lat' dir='ltr'>assumere</span> <span class='ocrx_word' id='word_1_236' title='bbox 814 1426 995 1471; x_wconf 82' lang='lat' dir='ltr'>objectum</span> <span class='ocrx_word' id='word_1_237' title='bbox 1021 1427 1202 1473; x_wconf 91' lang='lat' dir='ltr'>utriusque</span> <span class='ocrx_word' id='word_1_238' title='bbox 1230 1427 1429 1473; x_wconf 87' lang='lat' dir='ltr'>potentiae:</span> <span class='ocrx_word' id='word_1_239' title='bbox 1465 1427 1601 1460; x_wconf 88' lang='lat' dir='ltr'>dictum</span> <span class='ocrx_word' id='word_1_240' title='bbox 1627 1434 1680 1460; x_wconf 89' lang='lat' dir='ltr'>est</span> <span class='ocrx_word' id='word_1_241' title='bbox 1705 1434 1826 1459; x_wconf 89' lang='lat' dir='ltr'>autem</span> 
     </span>
     <span class='ocr_line' id='line_1_25' title="bbox 262 1479 1825 1526; baseline 0.001 -14"><span class='ocrx_word' id='word_1_242' title='bbox 262 1480 297 1513; x_wconf 88' lang='lat' dir='ltr'>in</span> <span class='ocrx_word' id='word_1_243' title='bbox 320 1479 436 1525; x_wconf 90' lang='lat' dir='ltr'>primo</span> <span class='ocrx_word' id='word_1_244' title='bbox 462 1479 505 1525; x_wconf 79' lang='lat' dir='ltr'>(q.</span> <span class='ocrx_word' id='word_1_245' title='bbox 529 1480 578 1514; x_wconf 76' lang='lat'>81.</span> <span class='ocrx_word' id='word_1_246' title='bbox 601 1485 665 1514; x_wconf 77' lang='lat' dir='ltr'>art.</span> <span class='ocrx_word' id='word_1_247' title='bbox 688 1479 750 1524; x_wconf 87' lang='lat'>2.),</span> <span class='ocrx_word' id='word_1_248' title='bbox 774 1480 868 1525; x_wconf 79' lang='lat' dir='ltr'>quod</span> <span class='ocrx_word' id='word_1_249' title='bbox 893 1480 1075 1525; x_wconf 77' lang='lat' dir='ltr'>objectum</span> <span class='ocrx_word' id='word_1_250' title='bbox 1097 1482 1278 1526; x_wconf 90' lang='lat' dir='ltr'>potentiae</span> <span class='ocrx_word' id='word_1_251' title='bbox 1302 1479 1592 1526; x_wconf 87' lang='lat' dir='ltr'>concupiscibilis</span> <span class='ocrx_word' id='word_1_252' title='bbox 1620 1487 1672 1513; x_wconf 90' lang='lat' dir='ltr'>est</span> <span class='ocrx_word' id='word_1_253' title='bbox 1693 1480 1825 1522; x_wconf 82' lang='lat' dir='ltr'>bonum,</span> 
     </span>
     <span class='ocr_line' id='line_1_26' title="bbox 260 1532 1825 1579; baseline 0 -13"><span class='ocrx_word' id='word_1_254' title='bbox 260 1532 318 1566; x_wconf 87' lang='lat' dir='ltr'>vel</span> <span class='ocrx_word' id='word_1_255' title='bbox 337 1533 459 1566; x_wconf 71' lang='lat' dir='ltr'>malum</span> <span class='ocrx_word' id='word_1_256' title='bbox 480 1532 645 1566; x_wconf 88' lang='lat' dir='ltr'>sensibile</span> <span class='ocrx_word' id='word_1_257' title='bbox 664 1532 872 1579; x_wconf 84' lang='lat' dir='ltr'>simpliciter</span> <span class='ocrx_word' id='word_1_258' title='bbox 888 1541 1088 1579; x_wconf 88' lang='lat' dir='ltr'>acceptum,</span> <span class='ocrx_word' id='word_1_259' title='bbox 1104 1534 1199 1579; x_wconf 83' lang='lat' dir='ltr'>quod</span> <span class='ocrx_word' id='word_1_260' title='bbox 1220 1542 1272 1567; x_wconf 90' lang='lat' dir='ltr'>est</span> <span class='ocrx_word' id='word_1_261' title='bbox 1285 1533 1507 1576; x_wconf 89' lang='lat' dir='ltr'>delectabile,</span> <span class='ocrx_word' id='word_1_262' title='bbox 1521 1532 1579 1567; x_wconf 81' lang='lat' dir='ltr'>vel</span> <span class='ocrx_word' id='word_1_263' title='bbox 1592 1532 1803 1567; x_wconf 89' lang='lat' dir='ltr'>dolorosum</span> <span class='ocrx_word' id='word_1_264' title='bbox 1818 1544 1825 1566; x_wconf 80' lang='lat'>2</span> 
     </span>
     <span class='ocr_line' id='line_1_27' title="bbox 262 1586 1827 1633; baseline -0.001 -13"><span class='ocrx_word' id='word_1_265' title='bbox 262 1586 323 1620; x_wconf 86' lang='lat' dir='ltr'>sed</span> <span class='ocrx_word' id='word_1_266' title='bbox 346 1587 428 1632; x_wconf 87' lang='lat' dir='ltr'>quia</span> <span class='ocrx_word' id='word_1_267' title='bbox 447 1598 593 1620; x_wconf 90' lang='lat' dir='ltr'>necesse</span> <span class='ocrx_word' id='word_1_268' title='bbox 614 1594 676 1628; x_wconf 89' lang='lat' dir='ltr'>est,</span> <span class='ocrx_word' id='word_1_269' title='bbox 695 1586 792 1632; x_wconf 89' lang='lat' dir='ltr'>quod</span> <span class='ocrx_word' id='word_1_270' title='bbox 810 1586 991 1620; x_wconf 83' lang='lat' dir='ltr'>interdum</span> <span class='ocrx_word' id='word_1_271' title='bbox 1010 1587 1130 1620; x_wconf 81' lang='lat' dir='ltr'>anima</span> <span class='ocrx_word' id='word_1_272' title='bbox 1149 1586 1407 1629; x_wconf 83' lang='lat' dir='ltr'>difficultatem,</span> <span class='ocrx_word' id='word_1_273' title='bbox 1426 1586 1484 1621; x_wconf 92' lang='lat' dir='ltr'>vel</span> <span class='ocrx_word' id='word_1_274' title='bbox 1500 1598 1660 1633; x_wconf 86' lang='lat' dir='ltr'>pugnam</span> <span class='ocrx_word' id='word_1_275' title='bbox 1673 1587 1827 1633; x_wconf 89' lang='lat' dir='ltr'>patiatur</span> 
     </span>
     <span class='ocr_line' id='line_1_28' title="bbox 262 1639 1827 1686; baseline 0.001 -14"><span class='ocrx_word' id='word_1_276' title='bbox 262 1639 298 1672; x_wconf 90' lang='lat' dir='ltr'>in</span> <span class='ocrx_word' id='word_1_277' title='bbox 326 1640 557 1685; x_wconf 85' lang='lat' dir='ltr'>adipiscendo</span> <span class='ocrx_word' id='word_1_278' title='bbox 586 1639 731 1685; x_wconf 82' lang='lat' dir='ltr'>aliquod</span> <span class='ocrx_word' id='word_1_279' title='bbox 760 1639 967 1685; x_wconf 84' lang='lat' dir='ltr'>hujusmodi</span> <span class='ocrx_word' id='word_1_280' title='bbox 993 1640 1142 1681; x_wconf 91' lang='lat' dir='ltr'>bonum,</span> <span class='ocrx_word' id='word_1_281' title='bbox 1169 1640 1226 1674; x_wconf 83' lang='lat' dir='ltr'>vel</span> <span class='ocrx_word' id='word_1_282' title='bbox 1253 1640 1423 1686; x_wconf 84' lang='lat' dir='ltr'>fugiendo</span> <span class='ocrx_word' id='word_1_283' title='bbox 1451 1640 1597 1686; x_wconf 83' lang='lat' dir='ltr'>aliquod</span> <span class='ocrx_word' id='word_1_284' title='bbox 1618 1640 1827 1686; x_wconf 88' lang='lat' dir='ltr'>hujusmodi</span> 
     </span>
     <span class='ocr_line' id='line_1_29' title="bbox 262 1693 1827 1740; baseline 0 -14"><span class='ocrx_word' id='word_1_285' title='bbox 262 1693 411 1735; x_wconf 90' lang='lat' dir='ltr'>malum,</span> <span class='ocrx_word' id='word_1_286' title='bbox 434 1693 647 1739; x_wconf 79' lang='lat' dir='ltr'>inquantum</span> <span class='ocrx_word' id='word_1_287' title='bbox 665 1693 735 1727; x_wconf 90' lang='lat' dir='ltr'>hoc</span> <span class='ocrx_word' id='word_1_288' title='bbox 760 1701 811 1727; x_wconf 89' lang='lat' dir='ltr'>est</span> <span class='ocrx_word' id='word_1_289' title='bbox 833 1693 1106 1739; x_wconf 86' lang='lat' dir='ltr'>quodammodo</span> <span class='ocrx_word' id='word_1_290' title='bbox 1126 1693 1304 1728; x_wconf 78' lang='lat' dir='ltr'>elevatum</span> <span class='ocrx_word' id='word_1_291' title='bbox 1323 1705 1429 1740; x_wconf 90' lang='lat' dir='ltr'>supra</span> <span class='ocrx_word' id='word_1_292' title='bbox 1447 1693 1590 1728; x_wconf 89' lang='lat' dir='ltr'>facilem</span> <span class='ocrx_word' id='word_1_293' title='bbox 1611 1701 1827 1740; x_wconf 87' lang='lat' dir='ltr'>potestatem</span> 
     </span>
     <span class='ocr_line' id='line_1_30' title="bbox 260 1746 1827 1793; baseline 0.001 -13"><span class='ocrx_word' id='word_1_294' title='bbox 260 1746 448 1789; x_wconf 80' lang='lat' dir='ltr'>animalis3</span> <span class='ocrx_word' id='word_1_295' title='bbox 483 1747 563 1781; x_wconf 84' lang='lat' dir='ltr'>ideo</span> <span class='ocrx_word' id='word_1_296' title='bbox 594 1747 711 1793; x_wconf 91' lang='lat' dir='ltr'>ipsum</span> <span class='ocrx_word' id='word_1_297' title='bbox 746 1748 879 1787; x_wconf 53' lang='lat' dir='ltr'>lionam,</span> <span class='ocrx_word' id='word_1_298' title='bbox 914 1747 970 1781; x_wconf 76' lang='lat' dir='ltr'>vel</span> <span class='ocrx_word' id='word_1_299' title='bbox 999 1747 1137 1789; x_wconf 71' lang='lat' dir='ltr'>malum,</span> <span class='ocrx_word' id='word_1_300' title='bbox 1164 1747 1364 1781; x_wconf 90' lang='lat' dir='ltr'>secundum</span> <span class='ocrx_word' id='word_1_301' title='bbox 1392 1747 1488 1793; x_wconf 90' lang='lat' dir='ltr'>quod</span> <span class='ocrx_word' id='word_1_302' title='bbox 1515 1747 1624 1781; x_wconf 87' lang='lat' dir='ltr'>habet</span> <span class='ocrx_word' id='word_1_303' title='bbox 1647 1747 1827 1781; x_wconf 81' lang='lat' dir='ltr'>rationem</span> 
     </span>
     <span class='ocr_line' id='line_1_31' title="bbox 259 1799 1828 1847; baseline 0 -13"><span class='ocrx_word' id='word_1_304' title='bbox 259 1800 370 1842; x_wconf 85' lang='lat' dir='ltr'>ardui,</span> <span class='ocrx_word' id='word_1_305' title='bbox 393 1799 451 1834; x_wconf 83' lang='lat' dir='ltr'>vel</span> <span class='ocrx_word' id='word_1_306' title='bbox 472 1799 638 1842; x_wconf 82' lang='lat' dir='ltr'>difficilis,</span> <span class='ocrx_word' id='word_1_307' title='bbox 665 1808 717 1834; x_wconf 85' lang='lat' dir='ltr'>est</span> <span class='ocrx_word' id='word_1_308' title='bbox 743 1801 926 1845; x_wconf 82' lang='lat' dir='ltr'>objectum</span> <span class='ocrx_word' id='word_1_309' title='bbox 951 1799 1156 1835; x_wconf 85' lang='lat' dir='ltr'>irascibilis:</span> <span class='ocrx_word' id='word_1_310' title='bbox 1185 1812 1434 1847; x_wconf 87' lang='lat' dir='ltr'>quaecumque</span> <span class='ocrx_word' id='word_1_311' title='bbox 1461 1811 1548 1847; x_wconf 86' lang='lat' dir='ltr'>ergo</span> <span class='ocrx_word' id='word_1_312' title='bbox 1570 1800 1756 1847; x_wconf 86' lang='lat' dir='ltr'>passiones</span> <span class='ocrx_word' id='word_1_313' title='bbox 1777 1811 1828 1834; x_wconf 86' lang='lat' dir='ltr'>re-</span> 
     </span>
     <span class='ocr_line' id='line_1_32' title="bbox 260 1853 1826 1901; baseline 0 -14"><span class='ocrx_word' id='word_1_314' title='bbox 260 1854 414 1900; x_wconf 91' lang='lat' dir='ltr'>spiciunt</span> <span class='ocrx_word' id='word_1_315' title='bbox 430 1853 592 1888; x_wconf 91' lang='lat' dir='ltr'>absolute</span> <span class='ocrx_word' id='word_1_316' title='bbox 608 1855 739 1896; x_wconf 68' lang='lat' dir='ltr'>bonam,</span> <span class='ocrx_word' id='word_1_317' title='bbox 754 1853 812 1888; x_wconf 81' lang='lat' dir='ltr'>vel</span> <span class='ocrx_word' id='word_1_318' title='bbox 828 1855 965 1896; x_wconf 75' lang='lat' dir='ltr'>malum,</span> <span class='ocrx_word' id='word_1_319' title='bbox 981 1854 1159 1901; x_wconf 89' lang='lat' dir='ltr'>pertinent</span> <span class='ocrx_word' id='word_1_320' title='bbox 1174 1855 1216 1888; x_wconf 88' lang='lat' dir='ltr'>ad</span> <span class='ocrx_word' id='word_1_321' title='bbox 1233 1854 1572 1901; x_wconf 91' lang='lat' dir='ltr'>concupiscibilem;</span> <span class='ocrx_word' id='word_1_322' title='bbox 1587 1862 1625 1888; x_wconf 88' lang='lat' dir='ltr'>ut</span> <span class='ocrx_word' id='word_1_323' title='bbox 1643 1853 1826 1900; x_wconf 89' lang='lat' dir='ltr'>gaudium,</span> 
     </span>
     <span class='ocr_line' id='line_1_33' title="bbox 259 1907 1826 1955; baseline 0 -14"><span class='ocrx_word' id='word_1_324' title='bbox 259 1907 410 1949; x_wconf 82' lang='lat' dir='ltr'>tristitia,</span> <span class='ocrx_word' id='word_1_325' title='bbox 427 1918 541 1949; x_wconf 88' lang='lat' dir='ltr'>amor,</span> <span class='ocrx_word' id='word_1_326' title='bbox 557 1907 693 1949; x_wconf 83' lang='lat' dir='ltr'>odium,</span> <span class='ocrx_word' id='word_1_327' title='bbox 709 1915 743 1942; x_wconf 88' lang='lat' dir='ltr'>et</span> <span class='ocrx_word' id='word_1_328' title='bbox 757 1908 908 1943; x_wconf 85' lang='lat' dir='ltr'>similia:</span> <span class='ocrx_word' id='word_1_329' title='bbox 924 1919 1173 1954; x_wconf 88' lang='lat' dir='ltr'>quaecumque</span> <span class='ocrx_word' id='word_1_330' title='bbox 1184 1920 1271 1942; x_wconf 81' lang='lat' dir='ltr'>vero</span> <span class='ocrx_word' id='word_1_331' title='bbox 1282 1909 1467 1955; x_wconf 88' lang='lat' dir='ltr'>passiones</span> <span class='ocrx_word' id='word_1_332' title='bbox 1482 1908 1676 1954; x_wconf 88' lang='lat' dir='ltr'>respiciunt</span> <span class='ocrx_word' id='word_1_333' title='bbox 1691 1909 1826 1950; x_wconf 80' lang='lat' dir='ltr'>bonum,</span> 
     </span>
     <span class='ocr_line' id='line_1_34' title="bbox 259 1961 1826 2008; baseline 0 -13"><span class='ocrx_word' id='word_1_334' title='bbox 259 1961 451 1996; x_wconf 71' lang='lat' dir='ltr'>velmalmn</span> <span class='ocrx_word' id='word_1_335' title='bbox 462 1962 525 1995; x_wconf 91' lang='lat' dir='ltr'>sub</span> <span class='ocrx_word' id='word_1_336' title='bbox 538 1963 675 1995; x_wconf 85' lang='lat' dir='ltr'>ratione</span> <span class='ocrx_word' id='word_1_337' title='bbox 688 1961 799 2003; x_wconf 81' lang='lat' dir='ltr'>ardui,</span> <span class='ocrx_word' id='word_1_338' title='bbox 812 1969 916 2008; x_wconf 90' lang='lat' dir='ltr'>prout</span> <span class='ocrx_word' id='word_1_339' title='bbox 929 1970 980 1996; x_wconf 89' lang='lat' dir='ltr'>est</span> <span class='ocrx_word' id='word_1_340' title='bbox 990 1961 1124 2008; x_wconf 84' lang='lat' dir='ltr'>aliquid</span> <span class='ocrx_word' id='word_1_341' title='bbox 1139 1962 1370 2008; x_wconf 85' lang='lat' dir='ltr'>adipiscibile,</span> <span class='ocrx_word' id='word_1_342' title='bbox 1381 1961 1440 1996; x_wconf 81' lang='lat' dir='ltr'>vel</span> <span class='ocrx_word' id='word_1_343' title='bbox 1450 1961 1597 2007; x_wconf 87' lang='lat' dir='ltr'>sugibile</span> <span class='ocrx_word' id='word_1_344' title='bbox 1613 1973 1696 1996; x_wconf 89' lang='lat' dir='ltr'>cum</span> <span class='ocrx_word' id='word_1_345' title='bbox 1708 1961 1826 2007; x_wconf 86' lang='lat' dir='ltr'>aliqua</span> 
     </span>
     <span class='ocr_line' id='line_1_35' title="bbox 261 2014 1826 2062; baseline 0 -14"><span class='ocrx_word' id='word_1_346' title='bbox 261 2014 479 2057; x_wconf 83' lang='lat' dir='ltr'>difficultate,</span> <span class='ocrx_word' id='word_1_347' title='bbox 499 2015 677 2061; x_wconf 84' lang='lat' dir='ltr'>pertinent</span> <span class='ocrx_word' id='word_1_348' title='bbox 699 2015 742 2049; x_wconf 86' lang='lat' dir='ltr'>ad</span> <span class='ocrx_word' id='word_1_349' title='bbox 761 2015 999 2058; x_wconf 80' lang='lat' dir='ltr'>irascibilem3</span> <span class='ocrx_word' id='word_1_350' title='bbox 1022 2024 1060 2049; x_wconf 90' lang='lat' dir='ltr'>ut</span> <span class='ocrx_word' id='word_1_351' title='bbox 1075 2016 1235 2058; x_wconf 87' lang='lat' dir='ltr'>audacia,</span> <span class='ocrx_word' id='word_1_352' title='bbox 1258 2023 1292 2050; x_wconf 92' lang='lat' dir='ltr'>et</span> <span class='ocrx_word' id='word_1_353' title='bbox 1305 2016 1426 2057; x_wconf 90' lang='lat' dir='ltr'>timor,</span> <span class='ocrx_word' id='word_1_354' title='bbox 1440 2026 1534 2062; x_wconf 90' lang='lat' dir='ltr'>spes,</span> <span class='ocrx_word' id='word_1_355' title='bbox 1550 2023 1584 2050; x_wconf 81' lang='lat' dir='ltr'>et</span> <span class='ocrx_word' id='word_1_356' title='bbox 1605 2015 1826 2061; x_wconf 86' lang='lat' dir='ltr'>hujusmodi.</span> 
     </span>
    </p>

    <p class='ocr_par' dir='ltr' id='par_1_5' title="bbox 261 2068 1828 2435">
     <span class='ocr_line' id='line_1_36' title="bbox 332 2068 1825 2116; baseline -0.001 -14"><span class='ocrx_word' id='word_1_357' title='bbox 332 2069 391 2102; x_wconf 88' lang='lat' dir='ltr'>AD</span> <span class='ocrx_word' id='word_1_358' title='bbox 410 2079 559 2103; x_wconf 81' lang='lat' dir='ltr'><strong>PRIMUM</strong></span> <span class='ocrx_word' id='word_1_359' title='bbox 575 2080 661 2114; x_wconf 79' lang='lat' dir='ltr'>ergo</span> <span class='ocrx_word' id='word_1_360' title='bbox 677 2069 881 2111; x_wconf 85' lang='lat' dir='ltr'>dicendum,</span> <span class='ocrx_word' id='word_1_361' title='bbox 897 2069 1005 2115; x_wconf 89' lang='lat' dir='ltr'>quod,</span> <span class='ocrx_word' id='word_1_362' title='bbox 1025 2069 1116 2103; x_wconf 89' lang='lat' dir='ltr'>sicut</span> <span class='ocrx_word' id='word_1_363' title='bbox 1130 2069 1165 2102; x_wconf 91' lang='lat' dir='ltr'>in</span> <span class='ocrx_word' id='word_1_364' title='bbox 1184 2069 1301 2116; x_wconf 90' lang='lat' dir='ltr'>primo</span> <span class='ocrx_word' id='word_1_365' title='bbox 1321 2069 1457 2103; x_wconf 84' lang='lat' dir='ltr'>dictum</span> <span class='ocrx_word' id='word_1_366' title='bbox 1473 2077 1526 2103; x_wconf 91' lang='lat' dir='ltr'>est</span> <span class='ocrx_word' id='word_1_367' title='bbox 1543 2069 1590 2115; x_wconf 82' lang='lat' dir='ltr'>(q.</span> <span class='ocrx_word' id='word_1_368' title='bbox 1610 2069 1660 2104; x_wconf 79' lang='lat'>31.</span> <span class='ocrx_word' id='word_1_369' title='bbox 1680 2073 1743 2103; x_wconf 81' lang='lat' dir='ltr'>art.</span> <span class='ocrx_word' id='word_1_370' title='bbox 1763 2068 1825 2113; x_wconf 86' lang='lat'>2.),</span> 
     </span>
     <span class='ocr_line' id='line_1_37' title="bbox 264 2121 1828 2169; baseline 0.001 -14"><span class='ocrx_word' id='word_1_371' title='bbox 264 2121 307 2155; x_wconf 82' lang='lat' dir='ltr'>ad</span> <span class='ocrx_word' id='word_1_372' title='bbox 329 2122 399 2156; x_wconf 90' lang='lat' dir='ltr'>hoc</span> <span class='ocrx_word' id='word_1_373' title='bbox 422 2122 475 2156; x_wconf 81' lang='lat' dir='ltr'>vis</span> <span class='ocrx_word' id='word_1_374' title='bbox 497 2121 685 2156; x_wconf 83' lang='lat' dir='ltr'>irascibilis</span> <span class='ocrx_word' id='word_1_375' title='bbox 713 2122 793 2156; x_wconf 84' lang='lat' dir='ltr'>data</span> <span class='ocrx_word' id='word_1_376' title='bbox 821 2130 873 2156; x_wconf 87' lang='lat' dir='ltr'>est</span> <span class='ocrx_word' id='word_1_377' title='bbox 900 2122 1126 2165; x_wconf 86' lang='lat' dir='ltr'>animalibus,</span> <span class='ocrx_word' id='word_1_378' title='bbox 1153 2131 1191 2157; x_wconf 89' lang='lat' dir='ltr'>ut</span> <span class='ocrx_word' id='word_1_379' title='bbox 1214 2122 1387 2157; x_wconf 88' lang='lat' dir='ltr'>tollantur</span> <span class='ocrx_word' id='word_1_380' title='bbox 1407 2123 1677 2169; x_wconf 85' lang='lat' dir='ltr'>impedimenta,</span> <span class='ocrx_word' id='word_1_381' title='bbox 1700 2122 1828 2168; x_wconf 87' lang='lat' dir='ltr'>quibus</span> 
     </span>
     <span class='ocr_line' id='line_1_38' title="bbox 263 2175 1828 2223; baseline 0.001 -15"><span class='ocrx_word' id='word_1_382' title='bbox 263 2175 553 2221; x_wconf 87' lang='lat' dir='ltr'>concupiscibilis</span> <span class='ocrx_word' id='word_1_383' title='bbox 574 2175 607 2209; x_wconf 88' lang='lat' dir='ltr'>in</span> <span class='ocrx_word' id='word_1_384' title='bbox 628 2187 732 2209; x_wconf 90' lang='lat' dir='ltr'>suum</span> <span class='ocrx_word' id='word_1_385' title='bbox 753 2176 935 2221; x_wconf 83' lang='lat' dir='ltr'>objectum</span> <span class='ocrx_word' id='word_1_386' title='bbox 954 2177 1099 2211; x_wconf 84' lang='lat' dir='ltr'>tendere</span> <span class='ocrx_word' id='word_1_387' title='bbox 1115 2176 1334 2223; x_wconf 85' lang='lat' dir='ltr'>prohibetur,</span> <span class='ocrx_word' id='word_1_388' title='bbox 1348 2177 1400 2211; x_wconf 71' lang='lat' dir='ltr'>vel</span> <span class='ocrx_word' id='word_1_389' title='bbox 1416 2184 1562 2223; x_wconf 89' lang='lat' dir='ltr'>propter</span> <span class='ocrx_word' id='word_1_390' title='bbox 1580 2175 1828 2210; x_wconf 85' lang='lat' dir='ltr'>difficultatem</span> 
     </span>
     <span class='ocr_line' id='line_1_39' title="bbox 261 2229 1826 2276; baseline 0.001 -13"><span class='ocrx_word' id='word_1_391' title='bbox 261 2229 348 2263; x_wconf 89' lang='lat' dir='ltr'>boni</span> <span class='ocrx_word' id='word_1_392' title='bbox 371 2229 603 2275; x_wconf 83' lang='lat' dir='ltr'>adipiscendi,</span> <span class='ocrx_word' id='word_1_393' title='bbox 625 2230 676 2263; x_wconf 67' lang='lat' dir='ltr'>vel</span> <span class='ocrx_word' id='word_1_394' title='bbox 697 2236 841 2275; x_wconf 87' lang='lat' dir='ltr'>propter</span> <span class='ocrx_word' id='word_1_395' title='bbox 862 2229 1110 2264; x_wconf 81' lang='lat' dir='ltr'>difficultatem</span> <span class='ocrx_word' id='word_1_396' title='bbox 1132 2229 1218 2264; x_wconf 88' lang='lat' dir='ltr'>mali</span> <span class='ocrx_word' id='word_1_397' title='bbox 1239 2230 1452 2276; x_wconf 86' lang='lat' dir='ltr'>superandi:</span> <span class='ocrx_word' id='word_1_398' title='bbox 1477 2238 1511 2265; x_wconf 91' lang='lat' dir='ltr'>et</span> <span class='ocrx_word' id='word_1_399' title='bbox 1532 2229 1613 2264; x_wconf 84' lang='lat' dir='ltr'>ideo</span> <span class='ocrx_word' id='word_1_400' title='bbox 1640 2229 1826 2276; x_wconf 84' lang='lat' dir='ltr'>passiones</span> 
     </span>
     <span class='ocr_line' id='line_1_40' title="bbox 262 2282 1826 2330; baseline 0 -14"><span class='ocrx_word' id='word_1_401' title='bbox 262 2282 450 2317; x_wconf 86' lang='lat' dir='ltr'>irascibilis</span> <span class='ocrx_word' id='word_1_402' title='bbox 473 2294 601 2317; x_wconf 87' lang='lat' dir='ltr'>omnes</span> <span class='ocrx_word' id='word_1_403' title='bbox 623 2283 862 2317; x_wconf 83' lang='lat' dir='ltr'>terminantur</span> <span class='ocrx_word' id='word_1_404' title='bbox 882 2283 924 2316; x_wconf 86' lang='lat' dir='ltr'>ad</span> <span class='ocrx_word' id='word_1_405' title='bbox 944 2284 1127 2329; x_wconf 86' lang='lat' dir='ltr'>passiones</span> <span class='ocrx_word' id='word_1_406' title='bbox 1150 2283 1456 2330; x_wconf 89' lang='lat' dir='ltr'>concupiscibilis:</span> <span class='ocrx_word' id='word_1_407' title='bbox 1480 2291 1515 2318; x_wconf 88' lang='lat' dir='ltr'>et</span> <span class='ocrx_word' id='word_1_408' title='bbox 1535 2283 1733 2318; x_wconf 86' lang='lat' dir='ltr'>secundum</span> <span class='ocrx_word' id='word_1_409' title='bbox 1755 2283 1826 2317; x_wconf 92' lang='lat' dir='ltr'>hoc</span> 
     </span>
     <span class='ocr_line' id='line_1_41' title="bbox 263 2336 1828 2383; baseline 0.001 -14"><span class='ocrx_word' id='word_1_410' title='bbox 263 2336 372 2370; x_wconf 83' lang='lat' dir='ltr'>ctiam</span> <span class='ocrx_word' id='word_1_411' title='bbox 395 2336 592 2382; x_wconf 86' lang='lat' dir='ltr'>passiones,</span> <span class='ocrx_word' id='word_1_412' title='bbox 616 2347 706 2382; x_wconf 83' lang='lat' dir='ltr'>quae</span> <span class='ocrx_word' id='word_1_413' title='bbox 726 2336 814 2370; x_wconf 86' lang='lat' dir='ltr'>fiunt</span> <span class='ocrx_word' id='word_1_414' title='bbox 833 2337 867 2370; x_wconf 90' lang='lat' dir='ltr'>in</span> <span class='ocrx_word' id='word_1_415' title='bbox 887 2336 1066 2379; x_wconf 80' lang='lat' dir='ltr'>irascibili,</span> <span class='ocrx_word' id='word_1_416' title='bbox 1087 2345 1357 2383; x_wconf 87' lang='lat' dir='ltr'>consequuntur</span> <span class='ocrx_word' id='word_1_417' title='bbox 1374 2337 1559 2383; x_wconf 80' lang='lat' dir='ltr'>gaudium,</span> <span class='ocrx_word' id='word_1_418' title='bbox 1581 2344 1616 2371; x_wconf 88' lang='lat' dir='ltr'>et</span> <span class='ocrx_word' id='word_1_419' title='bbox 1635 2337 1828 2379; x_wconf 86' lang='lat' dir='ltr'>tristitiam,</span> 
     </span>
     <span class='ocr_line' id='line_1_42' title="bbox 263 2389 822 2435; baseline 0 -12"><span class='ocrx_word' id='word_1_420' title='bbox 263 2400 354 2435; x_wconf 90' lang='lat' dir='ltr'>quae</span> <span class='ocrx_word' id='word_1_421' title='bbox 377 2397 459 2423; x_wconf 89' lang='lat' dir='ltr'>sunt</span> <span class='ocrx_word' id='word_1_422' title='bbox 480 2389 515 2423; x_wconf 91' lang='lat' dir='ltr'>in</span> <span class='ocrx_word' id='word_1_423' title='bbox 539 2390 822 2435; x_wconf 85' lang='lat' dir='ltr'>concupiscibili.</span> 
     </span>
    </p>

    <p class='ocr_par' dir='ltr' id='par_1_6' title="bbox 263 2443 1828 2596">
     <span class='ocr_line' id='line_1_43' title="bbox 335 2443 1828 2490; baseline 0.001 -13"><span class='ocrx_word' id='word_1_424' title='bbox 335 2443 395 2477; x_wconf 86' lang='lat' dir='ltr'>AD</span> <span class='ocrx_word' id='word_1_425' title='bbox 414 2454 620 2478; x_wconf 72' lang='lat' dir='ltr'>SECUNDUM</span> <span class='ocrx_word' id='word_1_426' title='bbox 637 2444 841 2486; x_wconf 82' lang='lat' dir='ltr'>dicendum,</span> <span class='ocrx_word' id='word_1_427' title='bbox 861 2445 956 2490; x_wconf 81' lang='lat' dir='ltr'>quod</span> <span class='ocrx_word' id='word_1_428' title='bbox 976 2445 1099 2478; x_wconf 83' lang='lat' dir='ltr'>odium</span> <span class='ocrx_word' id='word_1_429' title='bbox 1118 2445 1289 2479; x_wconf 76' lang='lat' dir='ltr'>vitiorum</span> <span class='ocrx_word' id='word_1_430' title='bbox 1309 2444 1465 2479; x_wconf 87' lang='lat' dir='ltr'>attribuit</span> <span class='ocrx_word' id='word_1_431' title='bbox 1484 2444 1632 2478; x_wconf 88' lang='lat' dir='ltr'>Hieron.</span> <span class='ocrx_word' id='word_1_432' title='bbox 1647 2444 1828 2486; x_wconf 86' lang='lat' dir='ltr'>irascibili,</span> 
     </span>
     <span class='ocr_line' id='line_1_44' title="bbox 263 2497 1828 2545; baseline 0.001 -15"><span class='ocrx_word' id='word_1_433' title='bbox 263 2508 337 2530; x_wconf 90' lang='lat' dir='ltr'>non</span> <span class='ocrx_word' id='word_1_434' title='bbox 359 2505 503 2543; x_wconf 88' lang='lat' dir='ltr'>propter</span> <span class='ocrx_word' id='word_1_435' title='bbox 525 2497 703 2531; x_wconf 87' lang='lat' dir='ltr'>rationem</span> <span class='ocrx_word' id='word_1_436' title='bbox 727 2498 810 2539; x_wconf 78' lang='lat' dir='ltr'>odii,</span> <span class='ocrx_word' id='word_1_437' title='bbox 834 2509 924 2543; x_wconf 84' lang='lat' dir='ltr'>quae</span> <span class='ocrx_word' id='word_1_438' title='bbox 947 2498 1089 2544; x_wconf 82' lang='lat' dir='ltr'>proprie</span> <span class='ocrx_word' id='word_1_439' title='bbox 1110 2499 1284 2545; x_wconf 87' lang='lat' dir='ltr'>competit</span> <span class='ocrx_word' id='word_1_440' title='bbox 1302 2498 1585 2544; x_wconf 84' lang='lat' dir='ltr'>concupiscibili,</span> <span class='ocrx_word' id='word_1_441' title='bbox 1603 2498 1666 2533; x_wconf 86' lang='lat' dir='ltr'>sed</span> <span class='ocrx_word' id='word_1_442' title='bbox 1683 2506 1828 2545; x_wconf 85' lang='lat' dir='ltr'>propter</span> 
     </span>
     <span class='ocr_line' id='line_1_45' title="bbox 263 2550 1193 2596; baseline 0.002 -13"><span class='ocrx_word' id='word_1_443' title='bbox 263 2550 589 2596; x_wconf 81' lang='lat' dir='ltr'>impugnationem,</span> <span class='ocrx_word' id='word_1_444' title='bbox 613 2562 702 2596; x_wconf 88' lang='lat' dir='ltr'>quae</span> <span class='ocrx_word' id='word_1_445' title='bbox 725 2551 878 2596; x_wconf 87' lang='lat' dir='ltr'>pertinet</span> <span class='ocrx_word' id='word_1_446' title='bbox 901 2551 943 2585; x_wconf 79' lang='lat' dir='ltr'>ad</span> <span class='ocrx_word' id='word_1_447' title='bbox 966 2551 1193 2586; x_wconf 83' lang='lat' dir='ltr'>irascibilem.</span> 
     </span>
    </p>

    <p class='ocr_par' dir='ltr' id='par_1_7' title="bbox 265 2604 1829 2919">
     <span class='ocr_line' id='line_1_46' title="bbox 336 2604 1829 2651; baseline 0.001 -14"><span class='ocrx_word' id='word_1_448' title='bbox 336 2604 395 2638; x_wconf 76' lang='lat' dir='ltr'>An</span> <span class='ocrx_word' id='word_1_449' title='bbox 419 2614 589 2638; x_wconf 70' lang='lat' dir='ltr'>TERTtUM</span> <span class='ocrx_word' id='word_1_450' title='bbox 613 2604 816 2646; x_wconf 78' lang='lat' dir='ltr'>dicendum,</span> <span class='ocrx_word' id='word_1_451' title='bbox 840 2605 935 2650; x_wconf 73' lang='lat' dir='ltr'>quod</span> <span class='ocrx_word' id='word_1_452' title='bbox 958 2605 1106 2647; x_wconf 86' lang='lat' dir='ltr'>bonum,</span> <span class='ocrx_word' id='word_1_453' title='bbox 1135 2605 1347 2651; x_wconf 87' lang='lat' dir='ltr'>inquantum</span> <span class='ocrx_word' id='word_1_454' title='bbox 1375 2613 1428 2639; x_wconf 91' lang='lat' dir='ltr'>est</span> <span class='ocrx_word' id='word_1_455' title='bbox 1453 2604 1678 2647; x_wconf 83' lang='lat' dir='ltr'>delectabile,</span> <span class='ocrx_word' id='word_1_456' title='bbox 1706 2613 1829 2640; x_wconf 82' lang='lat' dir='ltr'>movet</span> 
     </span>
     <span class='ocr_line' id='line_1_47' title="bbox 265 2658 1829 2705; baseline 0.001 -13"><span class='ocrx_word' id='word_1_457' title='bbox 265 2658 604 2703; x_wconf 85' lang='lat' dir='ltr'>concupiscibilem:</span> <span class='ocrx_word' id='word_1_458' title='bbox 633 2658 693 2692; x_wconf 84' lang='lat' dir='ltr'>sed</span> <span class='ocrx_word' id='word_1_459' title='bbox 720 2658 747 2691; x_wconf 92' lang='lat' dir='ltr'>si</span> <span class='ocrx_word' id='word_1_460' title='bbox 774 2658 910 2691; x_wconf 89' lang='lat' dir='ltr'>bonum</span> <span class='ocrx_word' id='word_1_461' title='bbox 938 2659 1069 2693; x_wconf 85' lang='lat' dir='ltr'>habeat</span> <span class='ocrx_word' id='word_1_462' title='bbox 1088 2660 1282 2705; x_wconf 79' lang='lat' dir='ltr'>quamdam</span> <span class='ocrx_word' id='word_1_463' title='bbox 1303 2658 1549 2693; x_wconf 84' lang='lat' dir='ltr'>difficultatem</span> <span class='ocrx_word' id='word_1_464' title='bbox 1569 2659 1612 2694; x_wconf 88' lang='lat' dir='ltr'>ad</span> <span class='ocrx_word' id='word_1_465' title='bbox 1635 2659 1829 2705; x_wconf 86' lang='lat' dir='ltr'>adipiscen-</span> 
     </span>
     <span class='ocr_line' id='line_1_48' title="bbox 265 2711 1827 2759; baseline 0.001 -15"><span class='ocrx_word' id='word_1_466' title='bbox 265 2711 362 2753; x_wconf 85' lang='lat' dir='ltr'>dum,</span> <span class='ocrx_word' id='word_1_467' title='bbox 383 2724 424 2745; x_wconf 79' lang='lat' dir='ltr'>ex</span> <span class='ocrx_word' id='word_1_468' title='bbox 443 2711 513 2745; x_wconf 90' lang='lat' dir='ltr'>hoc</span> <span class='ocrx_word' id='word_1_469' title='bbox 534 2711 612 2757; x_wconf 89' lang='lat' dir='ltr'>ipso</span> <span class='ocrx_word' id='word_1_470' title='bbox 631 2711 739 2746; x_wconf 87' lang='lat' dir='ltr'>habet</span> <span class='ocrx_word' id='word_1_471' title='bbox 759 2711 890 2757; x_wconf 86' lang='lat' dir='ltr'>aliquid</span> <span class='ocrx_word' id='word_1_472' title='bbox 907 2723 1110 2757; x_wconf 72' lang='lat' dir='ltr'>repugnans</span> <span class='ocrx_word' id='word_1_473' title='bbox 1126 2713 1416 2759; x_wconf 82' lang='lat' dir='ltr'>concupiscibili3</span> <span class='ocrx_word' id='word_1_474' title='bbox 1436 2721 1470 2748; x_wconf 88' lang='lat' dir='ltr'>et</span> <span class='ocrx_word' id='word_1_475' title='bbox 1487 2713 1569 2747; x_wconf 84' lang='lat' dir='ltr'>ideo</span> <span class='ocrx_word' id='word_1_476' title='bbox 1584 2713 1827 2748; x_wconf 81' lang='lat' dir='ltr'>necessarium</span> 
     </span>
     <span class='ocr_line' id='line_1_49' title="bbox 265 2764 1826 2811; baseline 0.001 -12"><span class='ocrx_word' id='word_1_477' title='bbox 265 2764 340 2806; x_wconf 77' lang='lat' dir='ltr'>suit,</span> <span class='ocrx_word' id='word_1_478' title='bbox 364 2777 440 2799; x_wconf 84' lang='lat' dir='ltr'>esse</span> <span class='ocrx_word' id='word_1_479' title='bbox 461 2765 569 2799; x_wconf 85' lang='lat' dir='ltr'>aliam</span> <span class='ocrx_word' id='word_1_480' title='bbox 592 2765 809 2811; x_wconf 73' lang='lat' dir='ltr'>potentiam,</span> <span class='ocrx_word' id='word_1_481' title='bbox 833 2777 922 2811; x_wconf 85' lang='lat' dir='ltr'>quae</span> <span class='ocrx_word' id='word_1_482' title='bbox 947 2766 980 2799; x_wconf 89' lang='lat' dir='ltr'>in</span> <span class='ocrx_word' id='word_1_483' title='bbox 1002 2766 1034 2799; x_wconf 77' lang='lat' dir='ltr'>id</span> <span class='ocrx_word' id='word_1_484' title='bbox 1057 2766 1236 2801; x_wconf 80' lang='lat' dir='ltr'>tenderet:</span> <span class='ocrx_word' id='word_1_485' title='bbox 1261 2775 1295 2801; x_wconf 91' lang='lat' dir='ltr'>et</span> <span class='ocrx_word' id='word_1_486' title='bbox 1316 2767 1407 2801; x_wconf 89' lang='lat' dir='ltr'>ratio</span> <span class='ocrx_word' id='word_1_487' title='bbox 1426 2774 1479 2801; x_wconf 85' lang='lat' dir='ltr'>est</span> <span class='ocrx_word' id='word_1_488' title='bbox 1497 2766 1624 2800; x_wconf 86' lang='lat' dir='ltr'>eadem</span> <span class='ocrx_word' id='word_1_489' title='bbox 1643 2767 1686 2801; x_wconf 68' lang='lat' dir='ltr'>tle</span> <span class='ocrx_word' id='word_1_490' title='bbox 1705 2766 1826 2801; x_wconf 81' lang='lat' dir='ltr'>malis:</span> 
     </span>
     <span class='ocr_line' id='line_1_50' title="bbox 266 2818 1828 2867; baseline 0.002 -15"><span class='ocrx_word' id='word_1_491' title='bbox 266 2825 299 2852; x_wconf 86' lang='lat' dir='ltr'>et</span> <span class='ocrx_word' id='word_1_492' title='bbox 328 2819 417 2853; x_wconf 86' lang='lat' dir='ltr'>haec</span> <span class='ocrx_word' id='word_1_493' title='bbox 447 2818 606 2864; x_wconf 84' lang='lat' dir='ltr'>potentia</span> <span class='ocrx_word' id='word_1_494' title='bbox 634 2827 687 2853; x_wconf 88' lang='lat' dir='ltr'>est</span> <span class='ocrx_word' id='word_1_495' title='bbox 713 2818 919 2859; x_wconf 87' lang='lat' dir='ltr'>irascibilis;</span> <span class='ocrx_word' id='word_1_496' title='bbox 947 2820 1040 2853; x_wconf 80' lang='lat' dir='ltr'>unde</span> <span class='ocrx_word' id='word_1_497' title='bbox 1068 2832 1109 2854; x_wconf 77' lang='lat' dir='ltr'>ex</span> <span class='ocrx_word' id='word_1_498' title='bbox 1136 2822 1369 2866; x_wconf 86' lang='lat' dir='ltr'>consequenti</span> <span class='ocrx_word' id='word_1_499' title='bbox 1396 2821 1582 2867; x_wconf 84' lang='lat' dir='ltr'>passiones</span> <span class='ocrx_word' id='word_1_500' title='bbox 1608 2820 1828 2867; x_wconf 82' lang='lat' dir='ltr'>concupisci-</span> 
     </span>
     <span class='ocr_line' id='line_1_51' title="bbox 265 2871 964 2919; baseline 0.001 -14"><span class='ocrx_word' id='word_1_501' title='bbox 265 2871 356 2914; x_wconf 86' lang='lat' dir='ltr'>bilis,</span> <span class='ocrx_word' id='word_1_502' title='bbox 380 2880 414 2906; x_wconf 85' lang='lat' dir='ltr'>ct</span> <span class='ocrx_word' id='word_1_503' title='bbox 436 2872 622 2906; x_wconf 84' lang='lat' dir='ltr'>irascibilis</span> <span class='ocrx_word' id='word_1_504' title='bbox 645 2872 763 2919; x_wconf 87' lang='lat' dir='ltr'>specie</span> <span class='ocrx_word' id='word_1_505' title='bbox 786 2871 964 2906; x_wconf 78' lang='lat' dir='ltr'>differunt.</span> 
     </span>
    </p>
   </div>
  </div>
 </body>
</html>
