<?xml version="1.0" encoding="UTF-8"?>
<!DOCTYPE html PUBLIC "-//W3C//DTD XHTML 1.0 Transitional//EN"
    "http://www.w3.org/TR/xhtml1/DTD/xhtml1-transitional.dtd">
<html xmlns="http://www.w3.org/1999/xhtml" xml:lang="en" lang="en">
 <head>
  <title>
</title>
<meta http-equiv="Content-Type" content="text/html;charset=utf-8" />
  <meta name='ocr-system' content='tesseract 3.04.00' />
  <meta name='ocr-capabilities' content='ocr_page ocr_carea ocr_par ocr_line ocrx_word'/>
</head>
<body>
  <div class='ocr_page' id='page_1' title='image "./divithomaeaquina02thomuoft_0543.png"; bbox 0 0 1907 3198; ppageno 0'>
   <div class='ocr_carea' id='block_1_1' title="bbox 459 198 1655 244">
    <p class='ocr_par' dir='ltr' id='par_1_1' title="bbox 459 198 1655 244">
     <span class='ocr_line' id='line_1_1' title="bbox 459 198 1655 244; baseline -0.003 -13"><span class='ocrx_word' id='word_1_1' title='bbox 459 199 679 236; x_wconf 79' lang='lat' dir='ltr'><strong>QUAESTIO</strong></span> <span class='ocrx_word' id='word_1_2' title='bbox 711 198 856 230; x_wconf 73' lang='lat' dir='ltr'>Lxxn&#39;.</span> <span class='ocrx_word' id='word_1_3' title='bbox 890 198 1138 230; x_wconf 79' lang='lat' dir='ltr'><strong>ARTICULUS</strong></span> <span class='ocrx_word' id='word_1_4' title='bbox 1169 198 1261 229; x_wconf 88' lang='lat' dir='ltr'><strong>VIII.</strong></span> <span class='ocrx_word' id='word_1_5' title='bbox 1571 200 1655 244; x_wconf 79' lang='lat'>539</span> 
     </span>
    </p>
   </div>
   <div class='ocr_carea' id='block_1_2' title="bbox 0 279 1658 2427">
    <p class='ocr_par' dir='ltr' id='par_1_2' title="bbox 0 279 1658 1352">
     <span class='ocr_line' id='line_1_2' title="bbox 88 279 1658 327; baseline -0.001 -10"><span class='ocrx_word' id='word_1_6' title='bbox 88 281 226 318; x_wconf 78' lang='lat' dir='ltr'>tionem</span> <span class='ocrx_word' id='word_1_7' title='bbox 245 279 466 323; x_wconf 83' lang='lat' dir='ltr'>inferiorem,</span> <span class='ocrx_word' id='word_1_8' title='bbox 487 282 589 327; x_wconf 81' lang='lat' dir='ltr'>cujus</span> <span class='ocrx_word' id='word_1_9' title='bbox 610 291 684 316; x_wconf 90' lang='lat' dir='ltr'>non</span> <span class='ocrx_word' id='word_1_10' title='bbox 707 289 761 316; x_wconf 94' lang='lat' dir='ltr'>est</span> <span class='ocrx_word' id='word_1_11' title='bbox 782 280 967 316; x_wconf 86' lang='lat' dir='ltr'><strong>intendere</strong></span> <span class='ocrx_word' id='word_1_12' title='bbox 988 280 1187 316; x_wconf 89' lang='lat' dir='ltr'>rationibus</span> <span class='ocrx_word' id='word_1_13' title='bbox 1209 279 1376 322; x_wconf 88' lang='lat' dir='ltr'>aeternis,</span> <span class='ocrx_word' id='word_1_14' title='bbox 1411 279 1469 315; x_wconf 89' lang='lat' dir='ltr'>vel</span> <span class='ocrx_word' id='word_1_15' title='bbox 1497 279 1570 327; x_wconf 88' lang='lat' dir='ltr'>legi</span> <span class='ocrx_word' id='word_1_16' title='bbox 1605 281 1658 315; x_wconf 90' lang='lat' dir='ltr'>di-</span> 
     </span>
     <span class='ocr_line' id='line_1_3' title="bbox 89 335 1656 382; baseline -0.001 -12"><span class='ocrx_word' id='word_1_17' title='bbox 89 335 206 378; x_wconf 83' lang='lat' dir='ltr'>vinae,</span> <span class='ocrx_word' id='word_1_18' title='bbox 225 342 262 370; x_wconf 86' lang='lat' dir='ltr'>et</span> <span class='ocrx_word' id='word_1_19' title='bbox 281 345 344 382; x_wconf 90' lang='lat' dir='ltr'>per</span> <span class='ocrx_word' id='word_1_20' title='bbox 363 346 590 381; x_wconf 89' lang='lat' dir='ltr'>consequens</span> <span class='ocrx_word' id='word_1_21' title='bbox 611 347 678 370; x_wconf 91' lang='lat' dir='ltr'>nec</span> <span class='ocrx_word' id='word_1_22' title='bbox 701 336 744 370; x_wconf 89' lang='lat' dir='ltr'>ab</span> <span class='ocrx_word' id='word_1_23' title='bbox 766 336 817 370; x_wconf 91' lang='lat' dir='ltr'>eis</span> <span class='ocrx_word' id='word_1_24' title='bbox 840 335 970 370; x_wconf 84' lang='lat' dir='ltr'>averti:</span> <span class='ocrx_word' id='word_1_25' title='bbox 993 335 1055 370; x_wconf 92' lang='lat' dir='ltr'>sed</span> <span class='ocrx_word' id='word_1_26' title='bbox 1078 346 1188 370; x_wconf 89' lang='lat' dir='ltr'>omne</span> <span class='ocrx_word' id='word_1_27' title='bbox 1210 343 1402 382; x_wconf 90' lang='lat' dir='ltr'>peccatum</span> <span class='ocrx_word' id='word_1_28' title='bbox 1425 335 1581 370; x_wconf 83' lang='lat' dir='ltr'>mortale</span> <span class='ocrx_word' id='word_1_29' title='bbox 1603 343 1656 370; x_wconf 91' lang='lat' dir='ltr'>est</span> 
     </span>
     <span class='ocr_line' id='line_1_4' title="bbox 88 388 1656 437; baseline 0.001 -14"><span class='ocrx_word' id='word_1_30' title='bbox 88 399 153 437; x_wconf 80' lang='lat' dir='ltr'>per</span> <span class='ocrx_word' id='word_1_31' title='bbox 171 388 399 424; x_wconf 83' lang='lat' dir='ltr'>aversionem</span> <span class='ocrx_word' id='word_1_32' title='bbox 421 399 441 423; x_wconf 94' lang='lat' dir='ltr'>a</span> <span class='ocrx_word' id='word_1_33' title='bbox 462 388 543 434; x_wconf 84' lang='lat' dir='ltr'>lege</span> <span class='ocrx_word' id='word_1_34' title='bbox 564 389 698 431; x_wconf 80' lang='lat' dir='ltr'>divina,</span> <span class='ocrx_word' id='word_1_35' title='bbox 720 398 763 424; x_wconf 85' lang='lat' dir='ltr'>ut.</span> <span class='ocrx_word' id='word_1_36' title='bbox 778 397 876 437; x_wconf 88' lang='lat' dir='ltr'>patet</span> <span class='ocrx_word' id='word_1_37' title='bbox 896 401 960 437; x_wconf 90' lang='lat' dir='ltr'>per</span> <span class='ocrx_word' id='word_1_38' title='bbox 980 389 1230 424; x_wconf 83' lang='lat' dir='ltr'>definitionem</span> <span class='ocrx_word' id='word_1_39' title='bbox 1254 390 1407 436; x_wconf 87' lang='lat' dir='ltr'><strong>August.</strong></span> <span class='ocrx_word' id='word_1_40' title='bbox 1431 391 1474 424; x_wconf 91' lang='lat' dir='ltr'>de</span> <span class='ocrx_word' id='word_1_41' title='bbox 1505 399 1656 437; x_wconf 81' lang='lat' dir='ltr'>peccato</span> 
     </span>
     <span class='ocr_line' id='line_1_5' title="bbox 88 441 1658 490; baseline 0 -12"><span class='ocrx_word' id='word_1_42' title='bbox 88 441 234 478; x_wconf 80' lang='lat' dir='ltr'>mortali</span> <span class='ocrx_word' id='word_1_43' title='bbox 252 441 386 484; x_wconf 90' lang='lat' dir='ltr'>datam,</span> <span class='ocrx_word' id='word_1_44' title='bbox 407 453 499 489; x_wconf 88' lang='lat' dir='ltr'>quae</span> <span class='ocrx_word' id='word_1_45' title='bbox 521 453 627 489; x_wconf 88' lang='lat' dir='ltr'>supra</span> <span class='ocrx_word' id='word_1_46' title='bbox 649 443 767 490; x_wconf 86' lang='lat' dir='ltr'>posita</span> <span class='ocrx_word' id='word_1_47' title='bbox 788 451 842 478; x_wconf 92' lang='lat' dir='ltr'>est</span> <span class='ocrx_word' id='word_1_48' title='bbox 862 444 910 490; x_wconf 85' lang='lat' dir='ltr'>(q.</span> <span class='ocrx_word' id='word_1_49' title='bbox 934 455 982 490; x_wconf 84' lang='lat'>71.</span> <span class='ocrx_word' id='word_1_50' title='bbox 1003 449 1069 478; x_wconf 81' lang='lat' dir='ltr'>art.</span> <span class='ocrx_word' id='word_1_51' title='bbox 1091 445 1157 489; x_wconf 86' lang='lat'>6.),·</span> <span class='ocrx_word' id='word_1_52' title='bbox 1181 455 1268 489; x_wconf 83' lang='lat' dir='ltr'>ergo</span> <span class='ocrx_word' id='word_1_53' title='bbox 1291 454 1490 479; x_wconf 84' lang='lat' dir='ltr'>consensus</span> <span class='ocrx_word' id='word_1_54' title='bbox 1508 444 1544 478; x_wconf 92' lang='lat' dir='ltr'>in</span> <span class='ocrx_word' id='word_1_55' title='bbox 1563 443 1658 478; x_wconf 90' lang='lat' dir='ltr'>dele-</span> 
     </span>
     <span class='ocr_line' id='line_1_6' title="bbox 87 495 851 543; baseline 0.001 -12"><span class='ocrx_word' id='word_1_56' title='bbox 87 495 285 531; x_wconf 72' lang='lat' dir='ltr'>:tationem</span> <span class='ocrx_word' id='word_1_57' title='bbox 304 507 379 531; x_wconf 91' lang='lat' dir='ltr'>non</span> <span class='ocrx_word' id='word_1_58' title='bbox 400 503 454 531; x_wconf 90' lang='lat' dir='ltr'>est</span> <span class='ocrx_word' id='word_1_59' title='bbox 473 505 664 543; x_wconf 88' lang='lat' dir='ltr'>peccatum</span> <span class='ocrx_word' id='word_1_60' title='bbox 687 497 851 532; x_wconf 85' lang='lat' dir='ltr'><strong>mortale.</strong></span> 
     </span>
     <span class='ocr_line' id='line_1_7' title="bbox 158 549 1657 598; baseline 0.002 -14"><span class='ocrx_word' id='word_1_61' title='bbox 158 549 440 585; x_wconf 69' lang='lat' dir='ltr'>2.PRA1=.TEREA.</span> <span class='ocrx_word' id='word_1_62' title='bbox 460 550 676 585; x_wconf 86' lang='lat' dir='ltr'>Consentire</span> <span class='ocrx_word' id='word_1_63' title='bbox 698 551 734 585; x_wconf 91' lang='lat' dir='ltr'>in</span> <span class='ocrx_word' id='word_1_64' title='bbox 757 550 891 598; x_wconf 87' lang='lat' dir='ltr'>aliquid</span> <span class='ocrx_word' id='word_1_65' title='bbox 913 562 987 585; x_wconf 91' lang='lat' dir='ltr'>non</span> <span class='ocrx_word' id='word_1_66' title='bbox 1010 559 1064 585; x_wconf 93' lang='lat' dir='ltr'>est</span> <span class='ocrx_word' id='word_1_67' title='bbox 1085 550 1236 593; x_wconf 89' lang='lat' dir='ltr'>malurn,</span> <span class='ocrx_word' id='word_1_68' title='bbox 1258 551 1326 585; x_wconf 89' lang='lat' dir='ltr'>nisi</span> <span class='ocrx_word' id='word_1_69' title='bbox 1359 551 1444 598; x_wconf 89' lang='lat' dir='ltr'>quia</span> <span class='ocrx_word' id='word_1_70' title='bbox 1480 551 1567 586; x_wconf 90' lang='lat' dir='ltr'>illud</span> <span class='ocrx_word' id='word_1_71' title='bbox 1603 560 1657 587; x_wconf 89' lang='lat' dir='ltr'>est</span> 
     </span>
     <span class='ocr_line' id='line_1_8' title="bbox 87 602 1656 652; baseline 0.002 -14"><span class='ocrx_word' id='word_1_72' title='bbox 87 602 238 646; x_wconf 76' lang='lat' dir='ltr'>malum,</span> <span class='ocrx_word' id='word_1_73' title='bbox 258 603 295 638; x_wconf 87' lang='lat' dir='ltr'>in</span> <span class='ocrx_word' id='word_1_74' title='bbox 311 604 409 651; x_wconf 91' lang='lat' dir='ltr'>quod</span> <span class='ocrx_word' id='word_1_75' title='bbox 427 605 668 638; x_wconf 85' lang='lat' dir='ltr'>consentitur:</span> <span class='ocrx_word' id='word_1_76' title='bbox 688 605 750 639; x_wconf 89' lang='lat' dir='ltr'>sed</span> <span class='ocrx_word' id='word_1_77' title='bbox 769 612 915 651; x_wconf 88' lang='lat' dir='ltr'>propter</span> <span class='ocrx_word' id='word_1_78' title='bbox 933 605 1029 652; x_wconf 91' lang='lat' dir='ltr'>quod</span> <span class='ocrx_word' id='word_1_79' title='bbox 1049 605 1347 652; x_wconf 89' lang='lat' dir='ltr'>unumquodque,</span> <span class='ocrx_word' id='word_1_80' title='bbox 1366 613 1401 640; x_wconf 92' lang='lat' dir='ltr'>et</span> <span class='ocrx_word' id='word_1_81' title='bbox 1419 605 1507 640; x_wconf 90' lang='lat' dir='ltr'>illud</span> <span class='ocrx_word' id='word_1_82' title='bbox 1527 606 1656 652; x_wconf 89' lang='lat' dir='ltr'>magis,</span> 
     </span>
     <span class='ocr_line' id='line_1_9' title="bbox 86 655 1656 705; baseline 0.001 -13"><span class='ocrx_word' id='word_1_83' title='bbox 86 655 147 693; x_wconf 77' lang='lat' dir='ltr'>vel</span> <span class='ocrx_word' id='word_1_84' title='bbox 165 655 293 692; x_wconf 84' lang='lat' dir='ltr'>saltem</span> <span class='ocrx_word' id='word_1_85' title='bbox 314 668 388 692; x_wconf 90' lang='lat' dir='ltr'>non</span> <span class='ocrx_word' id='word_1_86' title='bbox 409 657 548 700; x_wconf 83' lang='lat' dir='ltr'>minus;</span> <span class='ocrx_word' id='word_1_87' title='bbox 569 669 643 693; x_wconf 88' lang='lat' dir='ltr'>non</span> <span class='ocrx_word' id='word_1_88' title='bbox 665 669 754 704; x_wconf 90' lang='lat' dir='ltr'>ergo</span> <span class='ocrx_word' id='word_1_89' title='bbox 775 658 876 700; x_wconf 90' lang='lat' dir='ltr'>illud,</span> <span class='ocrx_word' id='word_1_90' title='bbox 894 658 930 692; x_wconf 91' lang='lat' dir='ltr'>in</span> <span class='ocrx_word' id='word_1_91' title='bbox 945 658 1042 705; x_wconf 92' lang='lat' dir='ltr'>quod</span> <span class='ocrx_word' id='word_1_92' title='bbox 1057 658 1292 701; x_wconf 86' lang='lat' dir='ltr'>consentitur,</span> <span class='ocrx_word' id='word_1_93' title='bbox 1307 666 1425 705; x_wconf 90' lang='lat' dir='ltr'>potest</span> <span class='ocrx_word' id='word_1_94' title='bbox 1439 670 1517 694; x_wconf 90' lang='lat' dir='ltr'>esse</span> <span class='ocrx_word' id='word_1_95' title='bbox 1536 661 1656 695; x_wconf 89' lang='lat' dir='ltr'>minus</span> 
     </span>
     <span class='ocr_line' id='line_1_10' title="bbox 87 709 1657 759; baseline 0.001 -13"><span class='ocrx_word' id='word_1_96' title='bbox 87 709 238 754; x_wconf 73' lang='lat' dir='ltr'>malum,</span> <span class='ocrx_word' id='word_1_97' title='bbox 259 721 367 758; x_wconf 88' lang='lat' dir='ltr'>quam</span> <span class='ocrx_word' id='word_1_98' title='bbox 390 722 608 747; x_wconf 89' lang='lat' dir='ltr'>cunsensus:</span> <span class='ocrx_word' id='word_1_99' title='bbox 630 712 692 746; x_wconf 91' lang='lat' dir='ltr'>sed</span> <span class='ocrx_word' id='word_1_100' title='bbox 714 711 908 746; x_wconf 85' lang='lat' dir='ltr'>delectatio</span> <span class='ocrx_word' id='word_1_101' title='bbox 930 712 1006 747; x_wconf 89' lang='lat' dir='ltr'>sine</span> <span class='ocrx_word' id='word_1_102' title='bbox 1029 722 1138 759; x_wconf 90' lang='lat' dir='ltr'>opere</span> <span class='ocrx_word' id='word_1_103' title='bbox 1161 723 1235 747; x_wconf 93' lang='lat' dir='ltr'>non</span> <span class='ocrx_word' id='word_1_104' title='bbox 1257 720 1310 747; x_wconf 88' lang='lat' dir='ltr'>est</span> <span class='ocrx_word' id='word_1_105' title='bbox 1340 721 1533 759; x_wconf 89' lang='lat' dir='ltr'>peccatum</span> <span class='ocrx_word' id='word_1_106' title='bbox 1562 725 1657 748; x_wconf 90' lang='lat' dir='ltr'>mor-</span> 
     </span>
     <span class='ocr_line' id='line_1_11' title="bbox 85 763 1654 814; baseline 0.001 -14"><span class='ocrx_word' id='word_1_107' title='bbox 85 763 170 808; x_wconf 71' lang='lat' dir='ltr'>tale,</span> <span class='ocrx_word' id='word_1_108' title='bbox 190 765 253 800; x_wconf 83' lang='lat' dir='ltr'>sed</span> <span class='ocrx_word' id='word_1_109' title='bbox 273 765 415 801; x_wconf 83' lang='lat' dir='ltr'>veniale</span> <span class='ocrx_word' id='word_1_110' title='bbox 435 773 597 808; x_wconf 91' lang='lat' dir='ltr'>tantum;</span> <span class='ocrx_word' id='word_1_111' title='bbox 619 776 708 812; x_wconf 90' lang='lat' dir='ltr'>ergo</span> <span class='ocrx_word' id='word_1_112' title='bbox 726 776 793 800; x_wconf 92' lang='lat' dir='ltr'>nec</span> <span class='ocrx_word' id='word_1_113' title='bbox 813 776 1013 801; x_wconf 90' lang='lat' dir='ltr'>consensus</span> <span class='ocrx_word' id='word_1_114' title='bbox 1034 765 1070 800; x_wconf 89' lang='lat' dir='ltr'>in</span> <span class='ocrx_word' id='word_1_115' title='bbox 1092 765 1374 801; x_wconf 80' lang='lat' dir='ltr'>delectationem</span> <span class='ocrx_word' id='word_1_116' title='bbox 1393 775 1446 801; x_wconf 88' lang='lat' dir='ltr'>est</span> <span class='ocrx_word' id='word_1_117' title='bbox 1464 774 1654 814; x_wconf 85' lang='lat' dir='ltr'>peccatum</span> 
     </span>
     <span class='ocr_line' id='line_1_12' title="bbox 87 817 253 854; baseline -0.006 0"><span class='ocrx_word' id='word_1_118' title='bbox 87 817 253 854; x_wconf 78' lang='lat' dir='ltr'>mortale.</span> 
     </span>
     <span class='ocr_line' id='line_1_13' title="bbox 22 872 1655 920; baseline 0.002 -12"><span class='ocrx_word' id='word_1_119' title='bbox 22 879 42 901; x_wconf 49' lang='grc' dir='ltr'>τ’</span> <span class='ocrx_word' id='word_1_120' title='bbox 160 883 191 920; x_wconf 83' lang='lat'>3.</span> <span class='ocrx_word' id='word_1_121' title='bbox 205 872 442 909; x_wconf 63' lang='lat' dir='ltr'>Puerum.</span> <span class='ocrx_word' id='word_1_122' title='bbox 467 873 740 909; x_wconf 89' lang='lat' dir='ltr'>Delectationes</span> <span class='ocrx_word' id='word_1_123' title='bbox 766 873 935 909; x_wconf 84' lang='lat' dir='ltr'>differunt</span> <span class='ocrx_word' id='word_1_124' title='bbox 962 874 998 908; x_wconf 91' lang='lat' dir='ltr'>in</span> <span class='ocrx_word' id='word_1_125' title='bbox 1025 874 1197 917; x_wconf 88' lang='lat' dir='ltr'>bonitate,</span> <span class='ocrx_word' id='word_1_126' title='bbox 1227 882 1263 910; x_wconf 88' lang='lat' dir='ltr'>et</span> <span class='ocrx_word' id='word_1_127' title='bbox 1290 874 1428 910; x_wconf 88' lang='lat' dir='ltr'>malitia</span> <span class='ocrx_word' id='word_1_128' title='bbox 1455 876 1655 911; x_wconf 89' lang='lat' dir='ltr'>secundum</span> 
     </span>
     <span class='ocr_line' id='line_1_14' title="bbox 12 904 1654 993; baseline 0.002 -31"><span class='ocrx_word' id='word_1_129' title='bbox 12 904 34 993; x_wconf 47' lang='grc' dir='ltr'><em>ἰ</em></span> <span class='ocrx_word' id='word_1_130' title='bbox 86 925 327 962; x_wconf 81' lang='lat' dir='ltr'>differentiam</span> <span class='ocrx_word' id='word_1_131' title='bbox 348 929 615 975; x_wconf 87' lang='lat' dir='ltr'>operationum,</span> <span class='ocrx_word' id='word_1_132' title='bbox 633 936 671 963; x_wconf 91' lang='lat' dir='ltr'>ut</span> <span class='ocrx_word' id='word_1_133' title='bbox 689 927 776 962; x_wconf 90' lang='lat' dir='ltr'>dicit</span> <span class='ocrx_word' id='word_1_134' title='bbox 796 927 1043 975; x_wconf 87' lang='lat' dir='ltr'>Philosophus</span> <span class='ocrx_word' id='word_1_135' title='bbox 1064 929 1100 963; x_wconf 89' lang='lat' dir='ltr'>in</span> <span class='ocrx_word' id='word_1_136' title='bbox 1124 939 1175 964; x_wconf 91' lang='lat'>10.</span> <span class='ocrx_word' id='word_1_137' title='bbox 1198 928 1359 963; x_wconf 87' lang='lat' dir='ltr'>Ethicor.</span> <span class='ocrx_word' id='word_1_138' title='bbox 1383 929 1470 976; x_wconf 84' lang='lat' dir='ltr'>(cap.</span> <span class='ocrx_word' id='word_1_139' title='bbox 1489 942 1517 977; x_wconf 83' lang='lat'>3.</span> <span class='ocrx_word' id='word_1_140' title='bbox 1540 935 1569 965; x_wconf 82' lang='lat' dir='ltr'>ct</span> <span class='ocrx_word' id='word_1_141' title='bbox 1591 931 1654 977; x_wconf 81' lang='lat'>5.):</span> 
     </span>
     <span class='ocr_line' id='line_1_15' title="bbox 0 979 1658 1030; baseline 0.002 -15"><span class='ocrx_word' id='word_1_142' title='bbox 0 994 2 1023; x_wconf 75' lang='grc' dir='ltr'><strong><em>ι</em></strong></span> <span class='ocrx_word' id='word_1_143' title='bbox 85 979 149 1016; x_wconf 77' lang='lat' dir='ltr'>sed</span> <span class='ocrx_word' id='word_1_144' title='bbox 169 979 240 1015; x_wconf 78' lang='lat' dir='ltr'>alia</span> <span class='ocrx_word' id='word_1_145' title='bbox 261 981 426 1028; x_wconf 89' lang='lat' dir='ltr'>operatio</span> <span class='ocrx_word' id='word_1_146' title='bbox 443 989 498 1017; x_wconf 89' lang='lat' dir='ltr'>est</span> <span class='ocrx_word' id='word_1_147' title='bbox 523 981 674 1016; x_wconf 89' lang='lat' dir='ltr'>interior</span> <span class='ocrx_word' id='word_1_148' title='bbox 700 982 888 1028; x_wconf 86' lang='lat' dir='ltr'>cogitatio,</span> <span class='ocrx_word' id='word_1_149' title='bbox 915 989 950 1016; x_wconf 89' lang='lat' dir='ltr'>et</span> <span class='ocrx_word' id='word_1_150' title='bbox 976 981 1046 1016; x_wconf 90' lang='lat' dir='ltr'>alia</span> <span class='ocrx_word' id='word_1_151' title='bbox 1073 990 1173 1017; x_wconf 86' lang='lat' dir='ltr'>actus</span> <span class='ocrx_word' id='word_1_152' title='bbox 1201 983 1366 1025; x_wconf 86' lang='lat' dir='ltr'>exterior,</span> <span class='ocrx_word' id='word_1_153' title='bbox 1393 991 1479 1030; x_wconf 89' lang='lat' dir='ltr'>puta</span> <span class='ocrx_word' id='word_1_154' title='bbox 1505 983 1658 1018; x_wconf 89' lang='lat' dir='ltr'>fornica-</span> 
     </span>
     <span class='ocr_line' id='line_1_16' title="bbox 83 1033 1657 1083; baseline 0.001 -12"><span class='ocrx_word' id='word_1_155' title='bbox 83 1033 210 1078; x_wconf 78' lang='lat' dir='ltr'>tionis;</span> <span class='ocrx_word' id='word_1_156' title='bbox 231 1045 320 1082; x_wconf 86' lang='lat' dir='ltr'>ergo</span> <span class='ocrx_word' id='word_1_157' title='bbox 340 1034 536 1070; x_wconf 86' lang='lat' dir='ltr'>delectatio</span> <span class='ocrx_word' id='word_1_158' title='bbox 557 1046 785 1082; x_wconf 91' lang='lat' dir='ltr'>consequens</span> <span class='ocrx_word' id='word_1_159' title='bbox 807 1044 929 1070; x_wconf 91' lang='lat' dir='ltr'>actum</span> <span class='ocrx_word' id='word_1_160' title='bbox 951 1035 1132 1070; x_wconf 87' lang='lat' dir='ltr'>interioris</span> <span class='ocrx_word' id='word_1_161' title='bbox 1154 1037 1398 1083; x_wconf 86' lang='lat' dir='ltr'>cogitationis,</span> <span class='ocrx_word' id='word_1_162' title='bbox 1423 1045 1566 1072; x_wconf 91' lang='lat' dir='ltr'>tantum</span> <span class='ocrx_word' id='word_1_163' title='bbox 1593 1037 1657 1073; x_wconf 91' lang='lat' dir='ltr'>dif-</span> 
     </span>
     <span class='ocr_line' id='line_1_17' title="bbox 84 1086 1658 1137; baseline 0.001 -13"><span class='ocrx_word' id='word_1_164' title='bbox 84 1086 154 1124; x_wconf 81' lang='lat' dir='ltr'>fert</span> <span class='ocrx_word' id='word_1_165' title='bbox 174 1099 195 1123; x_wconf 87' lang='lat' dir='ltr'>a</span> <span class='ocrx_word' id='word_1_166' title='bbox 212 1088 453 1124; x_wconf 82' lang='lat' dir='ltr'>delectatione</span> <span class='ocrx_word' id='word_1_167' title='bbox 475 1088 725 1124; x_wconf 83' lang='lat' dir='ltr'>fornicationis</span> <span class='ocrx_word' id='word_1_168' title='bbox 747 1089 783 1124; x_wconf 91' lang='lat' dir='ltr'>in</span> <span class='ocrx_word' id='word_1_169' title='bbox 805 1089 978 1132; x_wconf 88' lang='lat' dir='ltr'>bonitate,</span> <span class='ocrx_word' id='word_1_170' title='bbox 999 1089 1059 1124; x_wconf 80' lang='lat' dir='ltr'>vel</span> <span class='ocrx_word' id='word_1_171' title='bbox 1081 1089 1230 1132; x_wconf 88' lang='lat' dir='ltr'>malitia,</span> <span class='ocrx_word' id='word_1_172' title='bbox 1252 1099 1429 1137; x_wconf 87' lang='lat' dir='ltr'>quantum</span> <span class='ocrx_word' id='word_1_173' title='bbox 1453 1091 1572 1126; x_wconf 88' lang='lat' dir='ltr'>differt</span> <span class='ocrx_word' id='word_1_174' title='bbox 1598 1103 1658 1127; x_wconf 90' lang='lat' dir='ltr'>co-</span> 
     </span>
     <span class='ocr_line' id='line_1_18' title="bbox 84 1141 1656 1190; baseline 0.003 -13"><span class='ocrx_word' id='word_1_175' title='bbox 84 1141 213 1189; x_wconf 86' lang='lat' dir='ltr'>gitatio</span> <span class='ocrx_word' id='word_1_176' title='bbox 233 1142 382 1178; x_wconf 88' lang='lat' dir='ltr'>interior</span> <span class='ocrx_word' id='word_1_177' title='bbox 399 1142 442 1177; x_wconf 86' lang='lat' dir='ltr'>ab</span> <span class='ocrx_word' id='word_1_178' title='bbox 465 1151 547 1178; x_wconf 89' lang='lat' dir='ltr'>actu</span> <span class='ocrx_word' id='word_1_179' title='bbox 565 1143 752 1186; x_wconf 77' lang='lat' dir='ltr'>exterior13</span> <span class='ocrx_word' id='word_1_180' title='bbox 768 1150 803 1178; x_wconf 91' lang='lat' dir='ltr'>et</span> <span class='ocrx_word' id='word_1_181' title='bbox 817 1155 879 1190; x_wconf 89' lang='lat' dir='ltr'>per</span> <span class='ocrx_word' id='word_1_182' title='bbox 893 1154 1121 1190; x_wconf 90' lang='lat' dir='ltr'>consequens</span> <span class='ocrx_word' id='word_1_183' title='bbox 1136 1145 1247 1179; x_wconf 87' lang='lat' dir='ltr'>etiam</span> <span class='ocrx_word' id='word_1_184' title='bbox 1262 1145 1393 1180; x_wconf 90' lang='lat' dir='ltr'>eodem</span> <span class='ocrx_word' id='word_1_185' title='bbox 1409 1146 1522 1180; x_wconf 90' lang='lat' dir='ltr'>modo</span> <span class='ocrx_word' id='word_1_186' title='bbox 1537 1146 1656 1181; x_wconf 84' lang='lat' dir='ltr'>differt</span> 
     </span>
     <span class='ocr_line' id='line_1_19' title="bbox 23 1195 1653 1245; baseline 0.003 -15"><span class='ocrx_word' id='word_1_187' title='bbox 23 1214 26 1219; x_wconf 94' lang='lat'><em>·</em></span> <span class='ocrx_word' id='word_1_188' title='bbox 85 1195 291 1232; x_wconf 87' lang='lat' dir='ltr'>consentire</span> <span class='ocrx_word' id='word_1_189' title='bbox 311 1196 348 1231; x_wconf 93' lang='lat' dir='ltr'>in</span> <span class='ocrx_word' id='word_1_190' title='bbox 368 1204 583 1244; x_wconf 88' lang='lat' dir='ltr'>utrumque:</span> <span class='ocrx_word' id='word_1_191' title='bbox 603 1198 667 1232; x_wconf 90' lang='lat' dir='ltr'>sed</span> <span class='ocrx_word' id='word_1_192' title='bbox 685 1197 860 1243; x_wconf 87' lang='lat' dir='ltr'>cogitatio</span> <span class='ocrx_word' id='word_1_193' title='bbox 875 1197 1024 1232; x_wconf 89' lang='lat' dir='ltr'>interior</span> <span class='ocrx_word' id='word_1_194' title='bbox 1036 1208 1110 1232; x_wconf 89' lang='lat' dir='ltr'>non</span> <span class='ocrx_word' id='word_1_195' title='bbox 1131 1207 1186 1233; x_wconf 88' lang='lat' dir='ltr'>est</span> <span class='ocrx_word' id='word_1_196' title='bbox 1199 1207 1390 1245; x_wconf 89' lang='lat' dir='ltr'>peccatum</span> <span class='ocrx_word' id='word_1_197' title='bbox 1406 1199 1573 1242; x_wconf 83' lang='lat' dir='ltr'>mortale,</span> <span class='ocrx_word' id='word_1_198' title='bbox 1587 1211 1653 1235; x_wconf 89' lang='lat' dir='ltr'>nec</span> 
     </span>
     <span class='ocr_line' id='line_1_20' title="bbox 85 1249 1656 1298; baseline 0.003 -13"><span class='ocrx_word' id='word_1_199' title='bbox 85 1249 197 1286; x_wconf 85' lang='lat' dir='ltr'>etiam</span> <span class='ocrx_word' id='word_1_200' title='bbox 218 1261 418 1286; x_wconf 86' lang='lat' dir='ltr'>consensus</span> <span class='ocrx_word' id='word_1_201' title='bbox 438 1251 475 1285; x_wconf 88' lang='lat' dir='ltr'>in</span> <span class='ocrx_word' id='word_1_202' title='bbox 496 1251 779 1297; x_wconf 83' lang='lat' dir='ltr'>cogitationem3</span> <span class='ocrx_word' id='word_1_203' title='bbox 802 1262 890 1297; x_wconf 90' lang='lat' dir='ltr'>ergo</span> <span class='ocrx_word' id='word_1_204' title='bbox 912 1263 975 1298; x_wconf 91' lang='lat' dir='ltr'>per</span> <span class='ocrx_word' id='word_1_205' title='bbox 995 1263 1222 1298; x_wconf 90' lang='lat' dir='ltr'>consequens</span> <span class='ocrx_word' id='word_1_206' title='bbox 1243 1264 1310 1288; x_wconf 91' lang='lat' dir='ltr'>nec</span> <span class='ocrx_word' id='word_1_207' title='bbox 1333 1264 1532 1288; x_wconf 89' lang='lat' dir='ltr'>consensus</span> <span class='ocrx_word' id='word_1_208' title='bbox 1546 1254 1582 1288; x_wconf 89' lang='lat' dir='ltr'>in</span> <span class='ocrx_word' id='word_1_209' title='bbox 1598 1255 1656 1289; x_wconf 90' lang='lat' dir='ltr'>de-</span> 
     </span>
     <span class='ocr_line' id='line_1_21' title="bbox 85 1302 1255 1352; baseline 0.001 -13"><span class='ocrx_word' id='word_1_210' title='bbox 85 1302 321 1340; x_wconf 83' lang='lat' dir='ltr'>lectationem</span> <span class='ocrx_word' id='word_1_211' title='bbox 342 1303 405 1350; x_wconf 88' lang='lat' dir='ltr'>[al.</span> <span class='ocrx_word' id='word_1_212' title='bbox 426 1316 501 1351; x_wconf 80' lang='lat' dir='ltr'>ergo</span> <span class='ocrx_word' id='word_1_213' title='bbox 522 1317 579 1340; x_wconf 78' lang='lat' dir='ltr'>nec</span> <span class='ocrx_word' id='word_1_214' title='bbox 599 1305 781 1346; x_wconf 63' lang='lat' dir='ltr'>delectatio,</span> <span class='ocrx_word' id='word_1_215' title='bbox 803 1310 831 1339; x_wconf 79' lang='lat' dir='ltr'>et</span> <span class='ocrx_word' id='word_1_216' title='bbox 847 1311 910 1351; x_wconf 70' lang='lat' dir='ltr'>per</span> <span class='ocrx_word' id='word_1_217' title='bbox 930 1317 1132 1351; x_wconf 74' lang='lat' dir='ltr'>consequens,</span> <span class='ocrx_word' id='word_1_218' title='bbox 1159 1306 1255 1352; x_wconf 84' lang='lat' dir='ltr'>etc.].</span> 
     </span>
    </p>

    <p class='ocr_par' dir='ltr' id='par_1_3' title="bbox 34 1357 1654 1567">
     <span class='ocr_line' id='line_1_22' title="bbox 153 1357 1651 1407; baseline 0.003 -15"><span class='ocrx_word' id='word_1_219' title='bbox 153 1366 188 1401; x_wconf 86' lang='lat'>4.</span> <span class='ocrx_word' id='word_1_220' title='bbox 209 1357 446 1394; x_wconf 69' lang='lat' dir='ltr'>PRAETEREA.</span> <span class='ocrx_word' id='word_1_221' title='bbox 461 1358 626 1394; x_wconf 90' lang='lat' dir='ltr'>Exterior</span> <span class='ocrx_word' id='word_1_222' title='bbox 641 1367 741 1393; x_wconf 89' lang='lat' dir='ltr'>actus</span> <span class='ocrx_word' id='word_1_223' title='bbox 754 1357 1016 1400; x_wconf 84' lang='lat' dir='ltr'>fornicationis,</span> <span class='ocrx_word' id='word_1_224' title='bbox 1039 1358 1097 1393; x_wconf 78' lang='lat' dir='ltr'>vel</span> <span class='ocrx_word' id='word_1_225' title='bbox 1119 1359 1285 1394; x_wconf 89' lang='lat' dir='ltr'>adulterii</span> <span class='ocrx_word' id='word_1_226' title='bbox 1299 1371 1373 1395; x_wconf 88' lang='lat' dir='ltr'>non</span> <span class='ocrx_word' id='word_1_227' title='bbox 1393 1369 1445 1396; x_wconf 91' lang='lat' dir='ltr'>est</span> <span class='ocrx_word' id='word_1_228' title='bbox 1459 1370 1651 1407; x_wconf 88' lang='lat' dir='ltr'>peccatum</span> 
     </span>
     <span class='ocr_line' id='line_1_23' title="bbox 84 1410 1654 1459; baseline 0.003 -13"><span class='ocrx_word' id='word_1_229' title='bbox 84 1410 240 1446; x_wconf 82' lang='lat' dir='ltr'>mortale</span> <span class='ocrx_word' id='word_1_230' title='bbox 260 1411 401 1447; x_wconf 88' lang='lat' dir='ltr'>ratione</span> <span class='ocrx_word' id='word_1_231' title='bbox 420 1411 684 1455; x_wconf 87' lang='lat' dir='ltr'>delectationis,</span> <span class='ocrx_word' id='word_1_232' title='bbox 705 1423 798 1459; x_wconf 89' lang='lat' dir='ltr'>quae</span> <span class='ocrx_word' id='word_1_233' title='bbox 820 1412 929 1447; x_wconf 90' lang='lat' dir='ltr'>etiam</span> <span class='ocrx_word' id='word_1_234' title='bbox 951 1412 1132 1447; x_wconf 88' lang='lat' dir='ltr'>invenitur</span> <span class='ocrx_word' id='word_1_235' title='bbox 1154 1414 1189 1447; x_wconf 91' lang='lat' dir='ltr'>in</span> <span class='ocrx_word' id='word_1_236' title='bbox 1205 1421 1286 1448; x_wconf 89' lang='lat' dir='ltr'>actu</span> <span class='ocrx_word' id='word_1_237' title='bbox 1304 1415 1576 1457; x_wconf 86' lang='lat' dir='ltr'>matrimoniali,</span> <span class='ocrx_word' id='word_1_238' title='bbox 1590 1416 1654 1450; x_wconf 93' lang='lat' dir='ltr'>sed</span> 
     </span>
     <span class='ocr_line' id='line_1_24' title="bbox 34 1464 1654 1513; baseline 0.002 -13"><span class='ocrx_word' id='word_1_239' title='bbox 34 1498 38 1504; x_wconf 90' lang='grc'>,</span> <span class='ocrx_word' id='word_1_240' title='bbox 83 1464 224 1500; x_wconf 80' lang='lat' dir='ltr'>ratione</span> <span class='ocrx_word' id='word_1_241' title='bbox 244 1465 522 1501; x_wconf 86' lang='lat' dir='ltr'>inordinationis</span> <span class='ocrx_word' id='word_1_242' title='bbox 542 1466 653 1513; x_wconf 92' lang='lat' dir='ltr'>ipsius</span> <span class='ocrx_word' id='word_1_243' title='bbox 675 1474 792 1500; x_wconf 88' lang='lat' dir='ltr'>actus:</span> <span class='ocrx_word' id='word_1_244' title='bbox 815 1466 876 1500; x_wconf 92' lang='lat' dir='ltr'>sed</span> <span class='ocrx_word' id='word_1_245' title='bbox 895 1465 967 1508; x_wconf 92' lang='lat' dir='ltr'>ille,</span> <span class='ocrx_word' id='word_1_246' title='bbox 994 1467 1055 1513; x_wconf 92' lang='lat' dir='ltr'>qui</span> <span class='ocrx_word' id='word_1_247' title='bbox 1085 1468 1265 1502; x_wconf 89' lang='lat' dir='ltr'>consentit</span> <span class='ocrx_word' id='word_1_248' title='bbox 1292 1468 1328 1502; x_wconf 91' lang='lat' dir='ltr'>in</span> <span class='ocrx_word' id='word_1_249' title='bbox 1361 1468 1654 1512; x_wconf 77' lang='lat' dir='ltr'>delectationem,</span> 
     </span>
     <span class='ocr_line' id='line_1_25' title="bbox 45 1518 1654 1567; baseline 0.003 -14"><span class='ocrx_word' id='word_1_250' title='bbox 45 1532 49 1537; x_wconf 22' lang='grc' dir='ltr'><em>λ</em></span> <span class='ocrx_word' id='word_1_251' title='bbox 83 1527 158 1554; x_wconf 84' lang='lat' dir='ltr'>non</span> <span class='ocrx_word' id='word_1_252' title='bbox 178 1525 326 1566; x_wconf 85' lang='lat' dir='ltr'>propter</span> <span class='ocrx_word' id='word_1_253' title='bbox 344 1518 417 1554; x_wconf 91' lang='lat' dir='ltr'>hoc</span> <span class='ocrx_word' id='word_1_254' title='bbox 439 1519 620 1555; x_wconf 91' lang='lat' dir='ltr'>consentit</span> <span class='ocrx_word' id='word_1_255' title='bbox 639 1520 676 1554; x_wconf 91' lang='lat' dir='ltr'>in</span> <span class='ocrx_word' id='word_1_256' title='bbox 698 1519 1014 1555; x_wconf 87' lang='lat' dir='ltr'>deordinationern</span> <span class='ocrx_word' id='word_1_257' title='bbox 1036 1529 1156 1564; x_wconf 87' lang='lat' dir='ltr'>actus;</span> <span class='ocrx_word' id='word_1_258' title='bbox 1179 1532 1268 1567; x_wconf 87' lang='lat' dir='ltr'>ergo</span> <span class='ocrx_word' id='word_1_259' title='bbox 1289 1533 1364 1556; x_wconf 92' lang='lat' dir='ltr'>non</span> <span class='ocrx_word' id='word_1_260' title='bbox 1390 1523 1532 1558; x_wconf 90' lang='lat' dir='ltr'>videtur</span> <span class='ocrx_word' id='word_1_261' title='bbox 1558 1535 1654 1558; x_wconf 88' lang='lat' dir='ltr'>mor-</span> 
     </span>
    </p>

    <p class='ocr_par' dir='ltr' id='par_1_4' title="bbox 83 1570 740 1620">
     <span class='ocr_line' id='line_1_26' title="bbox 83 1570 740 1620; baseline -0.003 -12"><span class='ocrx_word' id='word_1_262' title='bbox 83 1570 204 1608; x_wconf 76' lang='lat' dir='ltr'>taliter</span> <span class='ocrx_word' id='word_1_263' title='bbox 223 1583 387 1620; x_wconf 85' lang='lat' dir='ltr'>peccare.</span> <span class='ocrx_word' id='word_1_264' title='bbox 729 1579 740 1591; x_wconf 80' lang='lat'><em>⁰</em></span> 
     </span>
    </p>

    <p class='ocr_par' dir='ltr' id='par_1_5' title="bbox 21 1625 1654 1877">
     <span class='ocr_line' id='line_1_27' title="bbox 155 1625 1654 1676; baseline 0.003 -15"><span class='ocrx_word' id='word_1_265' title='bbox 155 1635 187 1670; x_wconf 88' lang='lat'>5.</span> <span class='ocrx_word' id='word_1_266' title='bbox 208 1625 446 1662; x_wconf 67' lang='lat' dir='ltr'>PRAETl-:m-:A-</span> <span class='ocrx_word' id='word_1_267' title='bbox 468 1626 666 1662; x_wconf 88' lang='lat' dir='ltr'>Peccatum</span> <span class='ocrx_word' id='word_1_268' title='bbox 687 1627 878 1662; x_wconf 88' lang='lat' dir='ltr'>homicidii</span> <span class='ocrx_word' id='word_1_269' title='bbox 899 1636 953 1663; x_wconf 91' lang='lat' dir='ltr'>est</span> <span class='ocrx_word' id='word_1_270' title='bbox 978 1629 1136 1675; x_wconf 89' lang='lat' dir='ltr'>gravius,</span> <span class='ocrx_word' id='word_1_271' title='bbox 1162 1640 1271 1675; x_wconf 91' lang='lat' dir='ltr'>quam</span> <span class='ocrx_word' id='word_1_272' title='bbox 1299 1629 1473 1676; x_wconf 88' lang='lat' dir='ltr'>simplicis</span> <span class='ocrx_word' id='word_1_273' title='bbox 1500 1629 1654 1666; x_wconf 87' lang='lat' dir='ltr'>fornica-</span> 
     </span>
     <span class='ocr_line' id='line_1_28' title="bbox 28 1676 1652 1730; baseline 0.002 -14"><span class='ocrx_word' id='word_1_274' title='bbox 28 1676 32 1680; x_wconf 64' lang='grc'><em>’</em></span> <span class='ocrx_word' id='word_1_275' title='bbox 81 1679 210 1716; x_wconf 79' lang='lat' dir='ltr'>tionis:</span> <span class='ocrx_word' id='word_1_276' title='bbox 231 1680 295 1716; x_wconf 90' lang='lat' dir='ltr'>sed</span> <span class='ocrx_word' id='word_1_277' title='bbox 316 1681 520 1717; x_wconf 89' lang='lat' dir='ltr'>consentire</span> <span class='ocrx_word' id='word_1_278' title='bbox 548 1681 584 1715; x_wconf 90' lang='lat' dir='ltr'>in</span> <span class='ocrx_word' id='word_1_279' title='bbox 613 1681 907 1724; x_wconf 89' lang='lat' dir='ltr'>delectationem,</span> <span class='ocrx_word' id='word_1_280' title='bbox 937 1693 1029 1729; x_wconf 91' lang='lat' dir='ltr'>quae</span> <span class='ocrx_word' id='word_1_281' title='bbox 1058 1683 1291 1729; x_wconf 88' lang='lat' dir='ltr'>consequitur</span> <span class='ocrx_word' id='word_1_282' title='bbox 1321 1684 1582 1730; x_wconf 87' lang='lat' dir='ltr'>cogitationem</span> <span class='ocrx_word' id='word_1_283' title='bbox 1608 1687 1652 1720; x_wconf 91' lang='lat' dir='ltr'>de</span> 
     </span>
     <span class='ocr_line' id='line_1_29' title="bbox 81 1732 1652 1782; baseline 0.003 -12"><span class='ocrx_word' id='word_1_284' title='bbox 81 1732 297 1778; x_wconf 86' lang='lat' dir='ltr'>homicidio,</span> <span class='ocrx_word' id='word_1_285' title='bbox 317 1745 393 1770; x_wconf 91' lang='lat' dir='ltr'>non</span> <span class='ocrx_word' id='word_1_286' title='bbox 415 1742 469 1770; x_wconf 91' lang='lat' dir='ltr'>est</span> <span class='ocrx_word' id='word_1_287' title='bbox 488 1743 681 1782; x_wconf 90' lang='lat' dir='ltr'>peccatum</span> <span class='ocrx_word' id='word_1_288' title='bbox 704 1735 877 1779; x_wconf 91' lang='lat' dir='ltr'>mortale;</span> <span class='ocrx_word' id='word_1_289' title='bbox 899 1746 987 1782; x_wconf 85' lang='lat' dir='ltr'>ergo</span> <span class='ocrx_word' id='word_1_290' title='bbox 1010 1735 1126 1770; x_wconf 91' lang='lat' dir='ltr'>multo</span> <span class='ocrx_word' id='word_1_291' title='bbox 1153 1737 1273 1771; x_wconf 90' lang='lat' dir='ltr'>minus</span> <span class='ocrx_word' id='word_1_292' title='bbox 1301 1738 1505 1773; x_wconf 88' lang='lat' dir='ltr'>consentire</span> <span class='ocrx_word' id='word_1_293' title='bbox 1533 1739 1567 1773; x_wconf 88' lang='lat' dir='ltr'>in</span> <span class='ocrx_word' id='word_1_294' title='bbox 1595 1739 1652 1774; x_wconf 90' lang='lat' dir='ltr'>de-</span> 
     </span>
     <span class='ocr_line' id='line_1_30' title="bbox 21 1785 1650 1839; baseline 0.002 -16"><span class='ocrx_word' id='word_1_295' title='bbox 21 1795 49 1810; x_wconf 53' lang='lat'>*</span> <span class='ocrx_word' id='word_1_296' title='bbox 81 1785 328 1832; x_wconf 60' lang='lat' dir='ltr'>luxationem,</span> <span class='ocrx_word' id='word_1_297' title='bbox 353 1800 447 1836; x_wconf 88' lang='lat' dir='ltr'>quae</span> <span class='ocrx_word' id='word_1_298' title='bbox 473 1789 707 1836; x_wconf 88' lang='lat' dir='ltr'>consequitur</span> <span class='ocrx_word' id='word_1_299' title='bbox 733 1789 994 1836; x_wconf 89' lang='lat' dir='ltr'>cogitationem</span> <span class='ocrx_word' id='word_1_300' title='bbox 1024 1789 1068 1824; x_wconf 90' lang='lat' dir='ltr'>de</span> <span class='ocrx_word' id='word_1_301' title='bbox 1097 1789 1349 1833; x_wconf 86' lang='lat' dir='ltr'>fornicatione,</span> <span class='ocrx_word' id='word_1_302' title='bbox 1380 1800 1433 1826; x_wconf 93' lang='lat' dir='ltr'>est</span> <span class='ocrx_word' id='word_1_303' title='bbox 1459 1800 1650 1839; x_wconf 90' lang='lat' dir='ltr'>peccatum</span> 
     </span>
     <span class='ocr_line' id='line_1_31' title="bbox 81 1841 247 1877; baseline 0.006 -1"><span class='ocrx_word' id='word_1_304' title='bbox 81 1841 247 1877; x_wconf 85' lang='lat' dir='ltr'>mortale.</span> 
     </span>
    </p>

    <p class='ocr_par' dir='ltr' id='par_1_6' title="bbox 52 1894 1651 2265">
     <span class='ocr_line' id='line_1_32' title="bbox 151 1894 1651 1944; baseline 0.003 -14"><span class='ocrx_word' id='word_1_305' title='bbox 151 1894 185 1930; x_wconf 87' lang='lat'>6.</span> <span class='ocrx_word' id='word_1_306' title='bbox 206 1896 444 1932; x_wconf 72' lang='lat' dir='ltr'>PRAETEREA.</span> <span class='ocrx_word' id='word_1_307' title='bbox 468 1896 598 1932; x_wconf 89' lang='lat' dir='ltr'>Oratio</span> <span class='ocrx_word' id='word_1_308' title='bbox 628 1897 824 1931; x_wconf 88' lang='lat' dir='ltr'>Dominica</span> <span class='ocrx_word' id='word_1_309' title='bbox 846 1897 1005 1944; x_wconf 88' lang='lat' dir='ltr'>quotidie</span> <span class='ocrx_word' id='word_1_310' title='bbox 1039 1897 1169 1932; x_wconf 90' lang='lat' dir='ltr'>dicitur</span> <span class='ocrx_word' id='word_1_311' title='bbox 1202 1909 1267 1944; x_wconf 89' lang='lat' dir='ltr'>pro</span> <span class='ocrx_word' id='word_1_312' title='bbox 1294 1899 1507 1934; x_wconf 88' lang='lat' dir='ltr'>remissione</span> <span class='ocrx_word' id='word_1_313' title='bbox 1529 1900 1651 1934; x_wconf 87' lang='lat' dir='ltr'>venia-</span> 
     </span>
     <span class='ocr_line' id='line_1_33' title="bbox 52 1946 1650 1998; baseline 0.003 -14"><span class='ocrx_word' id='word_1_314' title='bbox 52 1958 53 1963; x_wconf 61' lang='lat'><em>*</em></span> <span class='ocrx_word' id='word_1_315' title='bbox 80 1946 183 1992; x_wconf 79' lang='lat' dir='ltr'>lium,</span> <span class='ocrx_word' id='word_1_316' title='bbox 199 1957 239 1985; x_wconf 87' lang='lat' dir='ltr'>ut</span> <span class='ocrx_word' id='word_1_317' title='bbox 260 1950 453 1997; x_wconf 86' lang='lat' dir='ltr'>Augustin.</span> <span class='ocrx_word' id='word_1_318' title='bbox 475 1950 563 1985; x_wconf 91' lang='lat' dir='ltr'>dicit</span> <span class='ocrx_word' id='word_1_319' title='bbox 582 1952 633 1995; x_wconf 81' lang='lat' dir='ltr'>(in</span> <span class='ocrx_word' id='word_1_320' title='bbox 655 1951 792 1986; x_wconf 75' lang='lat' dir='ltr'>Euchir.</span> <span class='ocrx_word' id='word_1_321' title='bbox 815 1957 887 1998; x_wconf 80' lang='lat' dir='ltr'>cap.</span> <span class='ocrx_word' id='word_1_322' title='bbox 909 1952 962 1997; x_wconf 83' lang='lat'>78.</span> <span class='ocrx_word' id='word_1_323' title='bbox 979 1952 1118 1997; x_wconf 74' lang='lat' dir='ltr'>infir1.).·</span> <span class='ocrx_word' id='word_1_324' title='bbox 1134 1952 1194 1986; x_wconf 90' lang='lat' dir='ltr'>sed</span> <span class='ocrx_word' id='word_1_325' title='bbox 1210 1963 1428 1987; x_wconf 90' lang='lat' dir='ltr'>consensum</span> <span class='ocrx_word' id='word_1_326' title='bbox 1445 1953 1480 1987; x_wconf 91' lang='lat' dir='ltr'>in</span> <span class='ocrx_word' id='word_1_327' title='bbox 1495 1953 1650 1988; x_wconf 89' lang='lat' dir='ltr'>delecta-</span> 
     </span>
     <span class='ocr_line' id='line_1_34' title="bbox 78 2001 1649 2051; baseline 0.003 -13"><span class='ocrx_word' id='word_1_328' title='bbox 78 2001 219 2039; x_wconf 76' lang='lat' dir='ltr'>tionem</span> <span class='ocrx_word' id='word_1_329' title='bbox 240 2003 466 2050; x_wconf 86' lang='lat' dir='ltr'>Augustinus</span> <span class='ocrx_word' id='word_1_330' title='bbox 495 2004 602 2039; x_wconf 87' lang='lat' dir='ltr'>docet</span> <span class='ocrx_word' id='word_1_331' title='bbox 628 2015 706 2040; x_wconf 91' lang='lat' dir='ltr'>esse</span> <span class='ocrx_word' id='word_1_332' title='bbox 729 2004 948 2039; x_wconf 89' lang='lat' dir='ltr'>abolendum</span> <span class='ocrx_word' id='word_1_333' title='bbox 970 2016 1033 2051; x_wconf 88' lang='lat' dir='ltr'>per</span> <span class='ocrx_word' id='word_1_334' title='bbox 1054 2005 1258 2040; x_wconf 90' lang='lat' dir='ltr'>orationem</span> <span class='ocrx_word' id='word_1_335' title='bbox 1280 2006 1534 2041; x_wconf 85' lang='lat' dir='ltr'>Dominicam:</span> <span class='ocrx_word' id='word_1_336' title='bbox 1562 2007 1649 2042; x_wconf 87' lang='lat' dir='ltr'>dicit</span> 
     </span>
     <span class='ocr_line' id='line_1_35' title="bbox 80 2055 1648 2107; baseline 0.002 -15"><span class='ocrx_word' id='word_1_337' title='bbox 80 2055 178 2092; x_wconf 77' lang='lat' dir='ltr'>enim</span> <span class='ocrx_word' id='word_1_338' title='bbox 196 2056 233 2092; x_wconf 89' lang='lat' dir='ltr'>in</span> <span class='ocrx_word' id='word_1_339' title='bbox 259 2066 311 2092; x_wconf 82' lang='lat'>12.</span> <span class='ocrx_word' id='word_1_340' title='bbox 332 2057 377 2092; x_wconf 92' lang='lat' dir='ltr'>de</span> <span class='ocrx_word' id='word_1_341' title='bbox 399 2057 501 2092; x_wconf 87' lang='lat' dir='ltr'>Trin.</span> <span class='ocrx_word' id='word_1_342' title='bbox 523 2058 614 2105; x_wconf 80' lang='lat' dir='ltr'>(cap.</span> <span class='ocrx_word' id='word_1_343' title='bbox 630 2069 678 2094; x_wconf 88' lang='lat'>12.</span> <span class='ocrx_word' id='word_1_344' title='bbox 694 2070 713 2092; x_wconf 84' lang='lat' dir='ltr'>a</span> <span class='ocrx_word' id='word_1_345' title='bbox 736 2058 846 2104; x_wconf 73' lang='lat' dir='ltr'>med),</span> <span class='ocrx_word' id='word_1_346' title='bbox 873 2058 970 2105; x_wconf 91' lang='lat' dir='ltr'>quod</span> <span class='ocrx_word' id='word_1_347' title='bbox 988 2058 1059 2092; x_wconf 85' lang='lat' dir='ltr'>hoc</span> <span class='ocrx_word' id='word_1_348' title='bbox 1082 2067 1135 2093; x_wconf 89' lang='lat' dir='ltr'>est</span> <span class='ocrx_word' id='word_1_349' title='bbox 1157 2058 1266 2105; x_wconf 88' lang='lat' dir='ltr'>longe</span> <span class='ocrx_word' id='word_1_350' title='bbox 1296 2060 1415 2094; x_wconf 90' lang='lat' dir='ltr'>minus</span> <span class='ocrx_word' id='word_1_351' title='bbox 1444 2069 1648 2107; x_wconf 89' lang='lat' dir='ltr'>peccatum,</span> 
     </span>
     <span class='ocr_line' id='line_1_36' title="bbox 80 2110 1647 2159; baseline 0.003 -14"><span class='ocrx_word' id='word_1_352' title='bbox 80 2114 190 2158; x_wconf 79' lang='lat' dir='ltr'>&#39;quam</span> <span class='ocrx_word' id='word_1_353' title='bbox 211 2110 241 2145; x_wconf 86' lang='lat' dir='ltr'>si</span> <span class='ocrx_word' id='word_1_354' title='bbox 262 2121 373 2158; x_wconf 88' lang='lat' dir='ltr'>opere</span> <span class='ocrx_word' id='word_1_355' title='bbox 391 2119 566 2146; x_wconf 86' lang='lat' dir='ltr'>statuatur</span> <span class='ocrx_word' id='word_1_356' title='bbox 587 2111 831 2158; x_wconf 84' lang='lat' dir='ltr'>implendum:</span> <span class='ocrx_word' id='word_1_357' title='bbox 854 2120 888 2146; x_wconf 92' lang='lat' dir='ltr'>et</span> <span class='ocrx_word' id='word_1_358' title='bbox 906 2111 988 2146; x_wconf 92' lang='lat' dir='ltr'>ideo</span> <span class='ocrx_word' id='word_1_359' title='bbox 1003 2112 1046 2146; x_wconf 91' lang='lat' dir='ltr'>de</span> <span class='ocrx_word' id='word_1_360' title='bbox 1061 2111 1191 2146; x_wconf 88' lang='lat' dir='ltr'>talibus</span> <span class='ocrx_word' id='word_1_361' title='bbox 1205 2123 1351 2159; x_wconf 91' lang='lat' dir='ltr'>quoque</span> <span class='ocrx_word' id='word_1_362' title='bbox 1366 2114 1647 2159; x_wconf 90' lang='lat' dir='ltr'>cogitationibus</span> 
     </span>
     <span class='ocr_line' id='line_1_37' title="bbox 79 2163 1648 2212; baseline 0.003 -13"><span class='ocrx_word' id='word_1_363' title='bbox 79 2164 184 2199; x_wconf 72' lang='lat' dir='ltr'>venia</span> <span class='ocrx_word' id='word_1_364' title='bbox 205 2163 360 2211; x_wconf 85' lang='lat' dir='ltr'>petenda</span> <span class='ocrx_word' id='word_1_365' title='bbox 385 2172 450 2207; x_wconf 92' lang='lat' dir='ltr'>est,</span> <span class='ocrx_word' id='word_1_366' title='bbox 475 2173 673 2212; x_wconf 89' lang='lat' dir='ltr'>pectusque</span> <span class='ocrx_word' id='word_1_367' title='bbox 700 2165 985 2212; x_wconf 87' lang='lat' dir='ltr'>percutiendum,</span> <span class='ocrx_word' id='word_1_368' title='bbox 1013 2173 1119 2212; x_wconf 89' lang='lat' dir='ltr'>atque</span> <span class='ocrx_word' id='word_1_369' title='bbox 1146 2166 1358 2201; x_wconf 89' lang='lat' dir='ltr'>dicendum:</span> <span class='ocrx_word' id='word_1_370' title='bbox 1386 2168 1529 2203; x_wconf 69' lang='lat' dir='ltr'>Dimitte</span> <span class='ocrx_word' id='word_1_371' title='bbox 1556 2170 1648 2204; x_wconf 77' lang='lat' dir='ltr'>nobis</span> 
     </span>
     <span class='ocr_line' id='line_1_38' title="bbox 79 2215 1490 2265; baseline 0.002 -13"><span class='ocrx_word' id='word_1_372' title='bbox 79 2215 189 2253; x_wconf 68' lang='lat' dir='ltr'>dubita</span> <span class='ocrx_word' id='word_1_373' title='bbox 208 2222 342 2259; x_wconf 77' lang='lat' dir='ltr'>nostra,-</span> <span class='ocrx_word' id='word_1_374' title='bbox 364 2229 453 2265; x_wconf 89' lang='lat' dir='ltr'>ergo</span> <span class='ocrx_word' id='word_1_375' title='bbox 474 2229 672 2253; x_wconf 88' lang='lat' dir='ltr'>consensus</span> <span class='ocrx_word' id='word_1_376' title='bbox 695 2219 730 2252; x_wconf 87' lang='lat' dir='ltr'>in</span> <span class='ocrx_word' id='word_1_377' title='bbox 753 2218 1033 2253; x_wconf 83' lang='lat' dir='ltr'>delectationem</span> <span class='ocrx_word' id='word_1_378' title='bbox 1056 2227 1109 2254; x_wconf 88' lang='lat' dir='ltr'>est</span> <span class='ocrx_word' id='word_1_379' title='bbox 1127 2228 1316 2265; x_wconf 86' lang='lat' dir='ltr'>peccatum</span> <span class='ocrx_word' id='word_1_380' title='bbox 1338 2221 1490 2256; x_wconf 87' lang='lat' dir='ltr'>veniale.</span> 
     </span>
    </p>

    <p class='ocr_par' dir='ltr' id='par_1_7' title="bbox 78 2270 1647 2427">
     <span class='ocr_line' id='line_1_39' title="bbox 151 2270 1644 2319; baseline 0.003 -13"><span class='ocrx_word' id='word_1_381' title='bbox 151 2270 228 2307; x_wconf 68' lang='lat' dir='ltr'>SED</span> <span class='ocrx_word' id='word_1_382' title='bbox 248 2277 404 2307; x_wconf 64' lang='lat' dir='ltr'>coum</span> <span class='ocrx_word' id='word_1_383' title='bbox 426 2279 491 2314; x_wconf 90' lang='lat' dir='ltr'>est,</span> <span class='ocrx_word' id='word_1_384' title='bbox 512 2272 610 2319; x_wconf 88' lang='lat' dir='ltr'>quod</span> <span class='ocrx_word' id='word_1_385' title='bbox 633 2273 787 2317; x_wconf 80' lang='lat' dir='ltr'>August.</span> <span class='ocrx_word' id='word_1_386' title='bbox 810 2281 891 2319; x_wconf 88' lang='lat' dir='ltr'>post</span> <span class='ocrx_word' id='word_1_387' title='bbox 906 2283 1019 2319; x_wconf 86' lang='lat' dir='ltr'>pauca</span> <span class='ocrx_word' id='word_1_388' title='bbox 1035 2273 1168 2308; x_wconf 87' lang='lat' dir='ltr'>subdit:</span> <span class='ocrx_word' id='word_1_389' title='bbox 1191 2274 1289 2308; x_wconf 75' lang='lat' dir='ltr'>&#39;sotus</span> <span class='ocrx_word' id='word_1_390' title='bbox 1303 2274 1399 2308; x_wconf 82' lang='lat' dir='ltr'>bomo</span> <span class='ocrx_word' id='word_1_391' title='bbox 1414 2275 1644 2318; x_wconf 80' lang='lat' dir='ltr'>damnabitur,</span> 
     </span>
     <span class='ocr_line' id='line_1_40' title="bbox 78 2323 1647 2373; baseline 0 -12"><span class='ocrx_word' id='word_1_392' title='bbox 78 2323 146 2361; x_wconf 65' lang='lat' dir='ltr'>m’su&#39;</span> <span class='ocrx_word' id='word_1_393' title='bbox 163 2324 253 2367; x_wconf 81' lang='lat' dir='ltr'>haec,</span> <span class='ocrx_word' id='word_1_394' title='bbox 275 2336 359 2373; x_wconf 69' lang='lat' dir='ltr'>quac</span> <span class='ocrx_word' id='word_1_395' title='bbox 374 2326 441 2361; x_wconf 78' lang='lat' dir='ltr'>sine</span> <span class='ocrx_word' id='word_1_396' title='bbox 453 2326 624 2361; x_wconf 77' lang='lat' dir='ltr'>voluntate</span> <span class='ocrx_word' id='word_1_397' title='bbox 645 2326 816 2373; x_wconf 78' lang='lat' dir='ltr'>operandi,</span> <span class='ocrx_word' id='word_1_398' title='bbox 839 2326 890 2361; x_wconf 82' lang='lat' dir='ltr'>sed</span> <span class='ocrx_word' id='word_1_399' title='bbox 917 2331 1022 2361; x_wconf 75' lang='lat' dir='ltr'>tamen</span> <span class='ocrx_word' id='word_1_400' title='bbox 1049 2338 1123 2361; x_wconf 82' lang='lat' dir='ltr'>cum</span> <span class='ocrx_word' id='word_1_401' title='bbox 1149 2327 1319 2362; x_wconf 65' lang='lat' dir='ltr'>voluntate</span> <span class='ocrx_word' id='word_1_402' title='bbox 1344 2330 1496 2363; x_wconf 83' lang='lat' dir='ltr'>animum</span> <span class='ocrx_word' id='word_1_403' title='bbox 1526 2330 1647 2364; x_wconf 70' lang='lat' dir='ltr'>talibus</span> 
     </span>
     <span class='ocr_line' id='line_1_41' title="bbox 79 2377 1647 2427; baseline 0.003 -13"><span class='ocrx_word' id='word_1_404' title='bbox 79 2377 273 2421; x_wconf 68' lang='lat' dir='ltr'>oblectandi,</span> <span class='ocrx_word' id='word_1_405' title='bbox 294 2379 394 2414; x_wconf 82' lang='lat' dir='ltr'>solius</span> <span class='ocrx_word' id='word_1_406' title='bbox 414 2380 622 2426; x_wconf 71' lang='lat' dir='ltr'>cogitationis</span> <span class='ocrx_word' id='word_1_407' title='bbox 641 2381 826 2414; x_wconf 67' lang='lat' dir='ltr'>sentiuntur</span> <span class='ocrx_word' id='word_1_408' title='bbox 846 2392 906 2415; x_wconf 76' lang='lat' dir='ltr'>esse</span> <span class='ocrx_word' id='word_1_409' title='bbox 923 2385 1071 2427; x_wconf 67' lang='lat' dir='ltr'>peccata,</span> <span class='ocrx_word' id='word_1_410' title='bbox 1085 2386 1146 2427; x_wconf 76' lang='lat' dir='ltr'>per</span> <span class='ocrx_word' id='word_1_411' title='bbox 1169 2381 1396 2416; x_wconf 62' lang='lat' dir='ltr'>Maliatorisu</span> <span class='ocrx_word' id='word_1_412' title='bbox 1379 2394 1415 2424; x_wconf 58' lang='grc' dir='ltr'><strong><em>«ζι-</em></strong></span> <span class='ocrx_word' id='word_1_413' title='bbox 1418 2384 1522 2417; x_wconf 72' lang='lat' dir='ltr'>utiam</span> <span class='ocrx_word' id='word_1_414' title='bbox 1539 2385 1647 2418; x_wconf 73' lang='lat' dir='ltr'>remit-</span> 
     </span>
    </p>
   </div>
   <div class='ocr_carea' id='block_1_3' title="bbox 0 1086 146 3198">
    <p class='ocr_par' dir='ltr' id='par_1_8' title="bbox 0 1086 146 3198">
     <span class='ocr_line' id='line_1_42' title="bbox 0 1086 8 1277; baseline 0 -9"><span class='ocrx_word' id='word_1_415' title='bbox 0 1086 8 1277; x_wconf 95' lang='lat' dir='ltr'>    </span> 
     </span>
     <span class='ocr_line' id='line_1_43' title="bbox 0 1277 54 1537; baseline 0 -54"><span class='ocrx_word' id='word_1_416' title='bbox 0 1277 54 1537; x_wconf 95' lang='lat' dir='ltr'>    </span> 
     </span>
     <span class='ocr_line' id='line_1_44' title="bbox 0 1537 56 1645; baseline 0 0"><span class='ocrx_word' id='word_1_417' title='bbox 0 1537 56 1645; x_wconf 95' lang='lat' dir='ltr'>  </span> 
     </span>
     <span class='ocr_line' id='line_1_45' title="bbox 0 1645 66 1823; baseline 0 -70"><span class='ocrx_word' id='word_1_418' title='bbox 0 1645 66 1823; x_wconf 95' lang='lat' dir='ltr'>    </span> 
     </span>
     <span class='ocr_line' id='line_1_46' title="bbox 0 1823 62 1920; baseline 0 0"><span class='ocrx_word' id='word_1_419' title='bbox 0 1823 62 1920; x_wconf 95' lang='lat' dir='ltr'>  </span> 
     </span>
     <span class='ocr_line' id='line_1_47' title="bbox 0 1920 67 2183; baseline 0 -159"><span class='ocrx_word' id='word_1_420' title='bbox 0 1920 67 2183; x_wconf 95' lang='lat' dir='ltr'>    </span> 
     </span>
     <span class='ocr_line' id='line_1_48' title="bbox 0 2183 69 2290; baseline 0 0"><span class='ocrx_word' id='word_1_421' title='bbox 0 2183 69 2290; x_wconf 95' lang='lat' dir='ltr'>  </span> 
     </span>
     <span class='ocr_line' id='line_1_49' title="bbox 0 2290 73 2456; baseline 0 -2"><span class='ocrx_word' id='word_1_422' title='bbox 0 2290 73 2456; x_wconf 95' lang='lat' dir='ltr'>    </span> 
     </span>
     <span class='ocr_line' id='line_1_50' title="bbox 0 2564 76 2827; baseline 0 -107"><span class='ocrx_word' id='word_1_423' title='bbox 0 2564 76 2827; x_wconf 95' lang='lat' dir='ltr'>    </span> 
     </span>
     <span class='ocr_line' id='line_1_51' title="bbox 0 2827 146 3198; baseline 0 -258"><span class='ocrx_word' id='word_1_424' title='bbox 0 2827 146 3198; x_wconf 95' lang='lat' dir='ltr'>      </span> 
     </span>
    </p>
   </div>
   <div class='ocr_carea' id='block_1_4' title="bbox 31 2432 1647 2966">
    <p class='ocr_par' dir='ltr' id='par_1_9' title="bbox 67 2432 1647 2534">
     <span class='ocr_line' id='line_1_52' title="bbox 78 2432 1647 2481; baseline 0.003 -13"><span class='ocrx_word' id='word_1_425' title='bbox 78 2435 216 2469; x_wconf 60' lang='lat' dir='ltr'>mur:</span> <span class='ocrx_word' id='word_1_426' title='bbox 237 2432 300 2468; x_wconf 80' lang='lat' dir='ltr'>sed</span> <span class='ocrx_word' id='word_1_427' title='bbox 317 2432 438 2468; x_wconf 88' lang='lat' dir='ltr'>nullus</span> <span class='ocrx_word' id='word_1_428' title='bbox 459 2434 651 2468; x_wconf 88' lang='lat' dir='ltr'>damnatur</span> <span class='ocrx_word' id='word_1_429' title='bbox 671 2434 738 2468; x_wconf 81' lang='lat' dir='ltr'>nisi</span> <span class='ocrx_word' id='word_1_430' title='bbox 761 2445 826 2480; x_wconf 93' lang='lat' dir='ltr'>pro</span> <span class='ocrx_word' id='word_1_431' title='bbox 848 2442 999 2481; x_wconf 88' lang='lat' dir='ltr'>peccato</span> <span class='ocrx_word' id='word_1_432' title='bbox 1021 2434 1186 2477; x_wconf 87' lang='lat' dir='ltr'>mortali;</span> <span class='ocrx_word' id='word_1_433' title='bbox 1207 2446 1296 2481; x_wconf 88' lang='lat' dir='ltr'>ergo</span> <span class='ocrx_word' id='word_1_434' title='bbox 1318 2447 1517 2471; x_wconf 88' lang='lat' dir='ltr'>consensus</span> <span class='ocrx_word' id='word_1_435' title='bbox 1539 2438 1573 2471; x_wconf 87' lang='lat' dir='ltr'>in</span> <span class='ocrx_word' id='word_1_436' title='bbox 1589 2438 1647 2472; x_wconf 88' lang='lat' dir='ltr'>de-</span> 
     </span>
     <span class='ocr_line' id='line_1_53' title="bbox 67 2482 789 2534; baseline -0.001 -12"><span class='ocrx_word' id='word_1_437' title='bbox 67 2482 312 2522; x_wconf 58' lang='lat' dir='ltr'>&#39;locutionem</span> <span class='ocrx_word' id='word_1_438' title='bbox 335 2494 389 2522; x_wconf 85' lang='lat' dir='ltr'>est</span> <span class='ocrx_word' id='word_1_439' title='bbox 410 2495 601 2534; x_wconf 88' lang='lat' dir='ltr'>peccatum</span> <span class='ocrx_word' id='word_1_440' title='bbox 623 2486 789 2522; x_wconf 76' lang='lat' dir='ltr'>mortale.</span> 
     </span>
    </p>

    <p class='ocr_par' dir='ltr' id='par_1_10' title="bbox 31 2538 1645 2966">
     <span class='ocr_line' id='line_1_54' title="bbox 148 2538 1645 2590; baseline 0.002 -14"><span class='ocrx_word' id='word_1_441' title='bbox 148 2538 381 2576; x_wconf 64' lang='lat' dir='ltr'>Rustoumio</span> <span class='ocrx_word' id='word_1_442' title='bbox 398 2540 606 2582; x_wconf 83' lang='lat' dir='ltr'>dicendum,</span> <span class='ocrx_word' id='word_1_443' title='bbox 628 2541 688 2587; x_wconf 87' lang='lat' dir='ltr'>qui</span> <span class='ocrx_word' id='word_1_444' title='bbox 708 2541 803 2575; x_wconf 91' lang='lat' dir='ltr'>circa</span> <span class='ocrx_word' id='word_1_445' title='bbox 825 2541 895 2576; x_wconf 85' lang='lat' dir='ltr'>hoc</span> <span class='ocrx_word' id='word_1_446' title='bbox 918 2542 1024 2588; x_wconf 80' lang='lat' dir='ltr'>aliqui</span> <span class='ocrx_word' id='word_1_447' title='bbox 1041 2542 1284 2577; x_wconf 83' lang='lat' dir='ltr'>diversimode</span> <span class='ocrx_word' id='word_1_448' title='bbox 1307 2543 1444 2589; x_wconf 88' lang='lat' dir='ltr'>opinati</span> <span class='ocrx_word' id='word_1_449' title='bbox 1463 2552 1560 2579; x_wconf 86' lang='lat' dir='ltr'>sunt:</span> <span class='ocrx_word' id='word_1_450' title='bbox 1575 2546 1645 2590; x_wconf 82' lang='lat' dir='ltr'>qm·-</span> 
     </span>
     <span class='ocr_line' id='line_1_55' title="bbox 60 2590 1645 2643; baseline 0.003 -15"><span class='ocrx_word' id='word_1_451' title='bbox 60 2590 156 2629; x_wconf 55' lang='grc' dir='ltr'>ἰείη</span> <span class='ocrx_word' id='word_1_452' title='bbox 176 2593 274 2628; x_wconf 86' lang='lat' dir='ltr'>enim</span> <span class='ocrx_word' id='word_1_453' title='bbox 295 2593 472 2636; x_wconf 80' lang='lat' dir='ltr'>dixerunt,</span> <span class='ocrx_word' id='word_1_454' title='bbox 494 2594 591 2641; x_wconf 88' lang='lat' dir='ltr'>quod</span> <span class='ocrx_word' id='word_1_455' title='bbox 611 2605 810 2629; x_wconf 89' lang='lat' dir='ltr'>consensus</span> <span class='ocrx_word' id='word_1_456' title='bbox 829 2595 864 2629; x_wconf 90' lang='lat' dir='ltr'>in</span> <span class='ocrx_word' id='word_1_457' title='bbox 887 2594 1167 2630; x_wconf 86' lang='lat' dir='ltr'>delectationem</span> <span class='ocrx_word' id='word_1_458' title='bbox 1186 2607 1259 2630; x_wconf 87' lang='lat' dir='ltr'>non</span> <span class='ocrx_word' id='word_1_459' title='bbox 1275 2605 1328 2630; x_wconf 86' lang='lat' dir='ltr'>est</span> <span class='ocrx_word' id='word_1_460' title='bbox 1342 2605 1531 2643; x_wconf 84' lang='lat' dir='ltr'>peccatum</span> <span class='ocrx_word' id='word_1_461' title='bbox 1551 2609 1645 2632; x_wconf 88' lang='lat' dir='ltr'>mor·</span> 
     </span>
     <span class='ocr_line' id='line_1_56' title="bbox 78 2644 1643 2695; baseline 0.003 -13"><span class='ocrx_word' id='word_1_462' title='bbox 78 2644 162 2689; x_wconf 63' lang='lat' dir='ltr'>tile,</span> <span class='ocrx_word' id='word_1_463' title='bbox 182 2646 245 2682; x_wconf 77' lang='lat' dir='ltr'>sed</span> <span class='ocrx_word' id='word_1_464' title='bbox 265 2646 409 2683; x_wconf 79' lang='lat' dir='ltr'>veniale</span> <span class='ocrx_word' id='word_1_465' title='bbox 429 2655 590 2689; x_wconf 87' lang='lat' dir='ltr'>tantum;</span> <span class='ocrx_word' id='word_1_466' title='bbox 612 2648 673 2682; x_wconf 80' lang='grc' dir='ltr'><strong><em>ιιΙίί</em></strong></span> <span class='ocrx_word' id='word_1_467' title='bbox 693 2659 779 2682; x_wconf 88' lang='lat' dir='ltr'>vero</span> <span class='ocrx_word' id='word_1_468' title='bbox 801 2648 977 2690; x_wconf 84' lang='lat' dir='ltr'>dixerunt,</span> <span class='ocrx_word' id='word_1_469' title='bbox 998 2649 1094 2695; x_wconf 87' lang='lat' dir='ltr'>quod</span> <span class='ocrx_word' id='word_1_470' title='bbox 1115 2658 1167 2683; x_wconf 85' lang='lat' dir='ltr'>est</span> <span class='ocrx_word' id='word_1_471' title='bbox 1193 2659 1382 2695; x_wconf 80' lang='lat' dir='ltr'>peccatum</span> <span class='ocrx_word' id='word_1_472' title='bbox 1410 2651 1582 2692; x_wconf 84' lang='lat' dir='ltr'>mortale;</span> <span class='ocrx_word' id='word_1_473' title='bbox 1609 2659 1643 2686; x_wconf 88' lang='lat' dir='ltr'>et</span> 
     </span>
     <span class='ocr_line' id='line_1_57' title="bbox 76 2696 1640 2751; baseline 0.002 -16"><span class='ocrx_word' id='word_1_474' title='bbox 76 2696 170 2735; x_wconf 73' lang='lat' dir='ltr'>haec</span> <span class='ocrx_word' id='word_1_475' title='bbox 190 2699 316 2747; x_wconf 85' lang='lat' dir='ltr'>opinio</span> <span class='ocrx_word' id='word_1_476' title='bbox 335 2708 391 2736; x_wconf 88' lang='lat' dir='ltr'>est</span> <span class='ocrx_word' id='word_1_477' title='bbox 411 2701 656 2743; x_wconf 87' lang='lat' dir='ltr'>communior,</span> <span class='ocrx_word' id='word_1_478' title='bbox 678 2710 713 2736; x_wconf 85' lang='lat' dir='ltr'>et</span> <span class='ocrx_word' id='word_1_479' title='bbox 735 2702 975 2737; x_wconf 87' lang='lat' dir='ltr'>verisimilior.</span> <span class='ocrx_word' id='word_1_480' title='bbox 999 2702 1059 2737; x_wconf 79' lang='lat' dir='ltr'>Est</span> <span class='ocrx_word' id='word_1_481' title='bbox 1081 2703 1177 2737; x_wconf 86' lang='lat' dir='ltr'>enirn</span> <span class='ocrx_word' id='word_1_482' title='bbox 1201 2704 1518 2746; x_wconf 74' lang='lat' dir='ltr'>considerandum,</span> <span class='ocrx_word' id='word_1_483' title='bbox 1545 2705 1640 2751; x_wconf 84' lang='lat' dir='ltr'>quod</span> 
     </span>
     <span class='ocr_line' id='line_1_58' title="bbox 31 2753 1643 2803; baseline 0.003 -15"><span class='ocrx_word' id='word_1_484' title='bbox 31 2758 35 2767; x_wconf 89' lang='lat'>&#39;</span> <span class='ocrx_word' id='word_1_485' title='bbox 72 2756 166 2789; x_wconf 62' lang='lat' dir='ltr'>tum</span> <span class='ocrx_word' id='word_1_486' title='bbox 175 2753 297 2789; x_wconf 78' lang='lat' dir='ltr'>omnis</span> <span class='ocrx_word' id='word_1_487' title='bbox 309 2754 504 2790; x_wconf 79' lang='lat' dir='ltr'>delectatio</span> <span class='ocrx_word' id='word_1_488' title='bbox 518 2763 761 2801; x_wconf 83' lang='lat' dir='ltr'>consequatur</span> <span class='ocrx_word' id='word_1_489' title='bbox 775 2754 932 2802; x_wconf 84' lang='lat' dir='ltr'>aliquam</span> <span class='ocrx_word' id='word_1_490' title='bbox 948 2757 1211 2803; x_wconf 79' lang='lat' dir='ltr'>operationem,</span> <span class='ocrx_word' id='word_1_491' title='bbox 1222 2757 1398 2791; x_wconf 81' lang='lat' dir='ltr'>utdicitur</span> <span class='ocrx_word' id='word_1_492' title='bbox 1410 2757 1443 2791; x_wconf 90' lang='lat' dir='ltr'>in</span> <span class='ocrx_word' id='word_1_493' title='bbox 1461 2768 1510 2792; x_wconf 80' lang='grc' dir='ltr'>ιο.</span> <span class='ocrx_word' id='word_1_494' title='bbox 1527 2758 1643 2793; x_wconf 85' lang='lat' dir='ltr'>Ethic.</span> 
     </span>
     <span class='ocr_line' id='line_1_59' title="bbox 59 2803 1642 2856; baseline 0.004 -15"><span class='ocrx_word' id='word_1_495' title='bbox 59 2803 171 2854; x_wconf 71' lang='lat' dir='ltr'>(cap.</span> <span class='ocrx_word' id='word_1_496' title='bbox 190 2817 224 2852; x_wconf 93' lang='grc'>4.</span> <span class='ocrx_word' id='word_1_497' title='bbox 245 2818 267 2842; x_wconf 81' lang='lat' dir='ltr'>a</span> <span class='ocrx_word' id='word_1_498' title='bbox 286 2806 400 2854; x_wconf 72' lang='lat' dir='ltr'>med),</span> <span class='ocrx_word' id='word_1_499' title='bbox 420 2816 457 2844; x_wconf 85' lang='lat' dir='ltr'>et</span> <span class='ocrx_word' id='word_1_500' title='bbox 485 2808 615 2843; x_wconf 78' lang='lat' dir='ltr'>iterum</span> <span class='ocrx_word' id='word_1_501' title='bbox 641 2820 724 2843; x_wconf 87' lang='lat' dir='ltr'>cum</span> <span class='ocrx_word' id='word_1_502' title='bbox 753 2809 873 2844; x_wconf 88' lang='lat' dir='ltr'>omnis</span> <span class='ocrx_word' id='word_1_503' title='bbox 895 2809 1088 2845; x_wconf 85' lang='lat' dir='ltr'>delectatio</span> <span class='ocrx_word' id='word_1_504' title='bbox 1110 2810 1241 2844; x_wconf 84' lang='lat' dir='ltr'>habeat</span> <span class='ocrx_word' id='word_1_505' title='bbox 1269 2810 1415 2856; x_wconf 80' lang='lat' dir='ltr'>aliquod</span> <span class='ocrx_word' id='word_1_506' title='bbox 1446 2811 1642 2856; x_wconf 80' lang='lat' dir='ltr'>objectum,</span> 
     </span>
     <span class='ocr_line' id='line_1_60' title="bbox 60 2856 1639 2912; baseline 0.003 -16"><span class='ocrx_word' id='word_1_507' title='bbox 60 2856 273 2898; x_wconf 53' lang='lat' dir='ltr'>mentio</span> <span class='ocrx_word' id='word_1_508' title='bbox 291 2860 475 2908; x_wconf 80' lang='lat' dir='ltr'>quaelibet</span> <span class='ocrx_word' id='word_1_509' title='bbox 491 2869 611 2909; x_wconf 87' lang='lat' dir='ltr'>potest</span> <span class='ocrx_word' id='word_1_510' title='bbox 631 2863 835 2909; x_wconf 83' lang='lat' dir='ltr'>comparari</span> <span class='ocrx_word' id='word_1_511' title='bbox 857 2863 900 2897; x_wconf 88' lang='lat' dir='ltr'>ad</span> <span class='ocrx_word' id='word_1_512' title='bbox 922 2863 1007 2904; x_wconf 55' lang='lat' dir='ltr'>du„</span> <span class='ocrx_word' id='word_1_513' title='bbox 1036 2863 1173 2898; x_wconf 87' lang='lat' dir='ltr'>scilicet</span> <span class='ocrx_word' id='word_1_514' title='bbox 1199 2864 1242 2898; x_wconf 90' lang='lat' dir='ltr'>ad</span> <span class='ocrx_word' id='word_1_515' title='bbox 1269 2866 1503 2911; x_wconf 66' lang='lat' dir='ltr'>operationem,</span> <span class='ocrx_word' id='word_1_516' title='bbox 1531 2877 1639 2912; x_wconf 83' lang='lat' dir='ltr'>quarn</span> 
     </span>
     <span class='ocr_line' id='line_1_61' title="bbox 75 2911 1641 2966; baseline 0.004 -16.913"><span class='ocrx_word' id='word_1_517' title='bbox 75 2911 324 2961; x_wconf 60' lang='lat' dir='ltr'>mquimr,</span> <span class='ocrx_word' id='word_1_518' title='bbox 344 2921 382 2950; x_wconf 83' lang='lat' dir='ltr'>et</span> <span class='ocrx_word' id='word_1_519' title='bbox 400 2914 444 2950; x_wconf 86' lang='lat' dir='ltr'>ad</span> <span class='ocrx_word' id='word_1_520' title='bbox 471 2916 645 2962; x_wconf 73' lang='lat' dir='ltr'>objectum,</span> <span class='ocrx_word' id='word_1_521' title='bbox 667 2915 702 2950; x_wconf 89' lang='lat' dir='ltr'>in</span> <span class='ocrx_word' id='word_1_522' title='bbox 729 2926 802 2962; x_wconf 92' lang='lat' dir='ltr'>quo</span> <span class='ocrx_word' id='word_1_523' title='bbox 831 2916 910 2963; x_wconf 88' lang='lat' dir='ltr'>quis</span> <span class='ocrx_word' id='word_1_524' title='bbox 939 2916 1155 2952; x_wconf 84' lang='lat' dir='ltr'>delectatur:</span> <span class='ocrx_word' id='word_1_525' title='bbox 1182 2918 1360 2964; x_wconf 83' lang='lat' dir='ltr'>contingit</span> <span class='ocrx_word' id='word_1_526' title='bbox 1385 2927 1518 2961; x_wconf 89' lang='lat' dir='ltr'>autem,</span> <span class='ocrx_word' id='word_1_527' title='bbox 1545 2920 1641 2966; x_wconf 88' lang='lat' dir='ltr'>quod</span> 
     </span>
    </p>
   </div>
  </div>
 </body>
</html>
