1907 3198
502 216 724 254 Qumis-rio
759 215 878 247 extu.
912 213 1157 246 Aru-murus
1191 214 1230 244 v.
1565 199 1649 255 867

83 310 172 347 ergo
193 310 322 335 eorum
348 299 455 334 debet
480 298 657 341 oblivisci,
679 308 746 333 nec
769 298 803 332 in
826 308 868 332 ea
890 308 927 332 se
949 296 1056 332 debet
1081 295 1273 331 extendere
1296 306 1359 341 per
1381 301 1523 329 motum
1549 292 1651 328 liberi

83 353 231 390 arbitrii.

158 417 187 453 3.
209 406 446 442 PRAETEREA.
470 405 509 440 In
524 405 778 452 justificatione
795 405 896 452 impii
914 415 988 439 non
1011 403 1204 439 remittitur
1225 413 1338 436 unum
1361 410 1552 447 peccatum
1575 401 1651 435 sine

83 458 175 495 alio:
197 460 340 508 impium
360 460 447 494 enim
469 464 524 500 cst,
547 470 567 493 α
585 460 655 494 Deo
669 459 842 494 dimidiam
857 466 989 506 sperare
1010 459 1162 498 veniam,-
1178 456 1206 490 si
1222 456 1330 501 igitur
1343 455 1378 489 in
1398 454 1651 500 justificatione

82 512 185 561 impii
205 520 350 560 oportet
370 511 525 547 liberum
547 513 733 547 arbitrium
757 512 896 546 moveri
918 520 1046 546 contra
1067 519 1273 558 peccatum,
1295 516 1480 555 oporteret
1493 508 1590 554 quod
1608 507 1651 542 de

83 566 253 602 omnibus
274 566 433 613 peccatis
455 566 528 601 suis
547 566 735 612 cogitaret,
757 566 854 612 quod
877 565 1017 600 videtur
1038 563 1318 599 inconveniens:
1341 570 1418 597 tum
1437 562 1519 608 quia
1540 561 1653 608 requi-

82 627 219 656 reretur
238 630 414 666 magnum
434 627 580 666 tempus
602 620 645 654 ad
668 619 878 665 hujusmodi
901 618 1183 664 cogitationem:
1203 625 1280 651 tum
1297 616 1407 651 ctiam
1427 615 1510 661 quia
1530 626 1654 660 pecca-

82 681 216 717 torum,
242 684 398 721 quorum
425 681 478 708 est
503 673 618 708 homo
645 673 789 715 oblitus,
816 673 961 707 veniam
988 672 1120 706 habere
1147 681 1221 705 non
1248 677 1389 716 posset;
1415 679 1504 714 ergo
1532 677 1652 703 motus

82 726 187 764 liberi
207 726 343 762 arbitrii
363 726 400 762 in
422 735 614 774 peccatum
635 738 710 761 non
733 726 925 773 requiritur
947 726 989 760 ad
1012 723 1306 771 justificationem
1328 722 1440 769 impii.

154 779 232 817 SED
253 790 411 817 CONTRA
432 788 497 822 est,
519 780 616 826 quod
639 780 770 815 dicitur
790 779 826 814 in
849 779 942 814 Psal.
968 789 1038 825 31.:
1062 779 1174 813 Dixi:
1198 776 1388 824 Confitebor
1407 775 1584 811 adversum
1603 786 1654 810 me

83 834 284 883 iniustitiam
306 845 415 870 meam
439 834 598 876 Domino,
619 838 648 869 cl
675 839 708 869 tu
732 834 886 869 remisisti
908 834 1107 879 irripietatcm
1131 831 1262 879 pcccati
1283 831 1357 865 mci.

153 887 385 924 Resporroeo
407 887 613 930 dicendum,
635 887 744 934 quod,
778 887 872 922 sicut
892 897 999 933 supra
1021 886 1159 920 dictum
1186 892 1239 919 est
1261 884 1343 929 (art.
1366 896 1393 919 1.
1420 883 1490 928 huj.
1521 883 1581 929 q.)‚
1605 883 1655 928 ju-

82 940 252 978 stificatio
270 941 375 989 impii
395 949 450 976 est
471 940 619 988 quidam
641 949 774 983 motus,
797 951 870 988 quo
892 941 1053 975 humana
1076 950 1178 974 mens
1201 946 1368 973 movetur
1383 949 1402 972 a
1418 937 1500 972 Deo
1521 947 1540 971 a
1559 944 1652 971 statu

82 994 224 1043 peccati
243 996 280 1031 in
300 1002 435 1030 statum
452 994 629 1041 justitiae3
656 1002 800 1041 oportet
826 994 947 1040 igitur,
969 993 1066 1040 quod
1088 993 1250 1027 humana
1272 1002 1375 1026 mens
1397 1002 1434 1026 se
1456 990 1588 1025 habeat
1610 989 1653 1024 ad

82 1056 278 1096 utrumque
298 1056 547 1084 extremorum
569 1047 771 1083 secundum
793 1055 936 1082 motum
957 1046 1060 1082 liberi
1087 1045 1234 1087 arbitrii,
1261 1045 1354 1080 sicut
1379 1056 1418 1080 se
1443 1044 1553 1079 habet
1579 1054 1655 1077 cor-

82 1113 150 1150 pus
169 1100 337 1138 localiter
356 1108 500 1137 motum
511 1101 554 1136 ab
570 1100 693 1148 aliquo
712 1109 884 1136 movente
902 1100 946 1135 ad
961 1100 1053 1135 duos
1067 1099 1244 1135 terminos
1259 1106 1397 1133 motus:
1421 1095 1653 1132 manifestum

83 1163 139 1192 est
157 1163 280 1192 autem
305 1154 343 1190 in
361 1162 464 1190 motu
484 1154 596 1189 locali
617 1165 827 1202 corporum,
849 1154 946 1201 quod
969 1164 1099 1200 corpus
1121 1160 1264 1187 motum
1287 1151 1422 1186 recedit
1449 1162 1469 1185 a
1495 1150 1652 1186 termino

83 1220 104 1245 a
124 1219 211 1257 quo,
232 1216 269 1245 et
288 1208 429 1244 accedit
453 1208 498 1243 ad
518 1208 717 1243 terminum
736 1207 779 1242 ad
802 1219 930 1255 quem;
953 1207 1047 1242 unde
1067 1214 1222 1253 oportet,
1245 1205 1341 1252 quod
1361 1216 1464 1239 mens
1491 1204 1654 1239 humana

82 1262 172 1298 dum
191 1262 415 1310 justificatur,
435 1273 498 1310 per
516 1270 661 1297 motum
691 1261 794 1297 liberi
825 1261 961 1296 arbitrii
982 1261 1128 1295 recedat
1149 1271 1168 1294 a
1187 1267 1352 1306 peccato,
1375 1267 1410 1294 et
1431 1258 1582 1293 accedat
1608 1257 1652 1292 ad

81 1316 268 1364 justitiam.
289 1315 470 1352 Recessus
491 1323 625 1358 autem,
655 1323 690 1350 et
716 1326 883 1350 accessus
917 1315 953 1349 in
983 1322 1086 1349 motu
1115 1313 1218 1348 liberi
1245 1312 1380 1347 arbitrii
1402 1311 1577 1358 accipitur
1604 1321 1654 1345 se-

83 1369 244 1407 cundum
257 1369 548 1412 detestationem,
561 1377 598 1404 et
614 1369 852 1404 desiderium:
868 1368 955 1402 dicit
970 1367 1068 1402 enirn
1090 1366 1316 1413 Augustinus
1337 1365 1583 1412 superJoann.
1603 1374 1654 1399 10.

83 1434 271 1473 exponens
290 1422 403 1459 illud:
424 1423 654 1459 Mercaenarius
674 1428 783 1458 autem
797 1423 888 1469 sugit
902 1423 1022 1466 (tract.
1043 1418 1100 1464 46.
1116 1420 1160 1454 ad
1184 1419 1279 1462 fin.):
1307 1419 1502 1464 Affectiones
1523 1423 1654 1453 nostrae

83 1483 191 1515 mom
214 1479 408 1514 animorum
423 1481 519 1519 sunu
541 1476 667 1512 laetitia
688 1477 796 1512 animi
815 1475 968 1522 difficsio;
995 1476 1098 1510 timor
1117 1474 1225 1508 animi
1239 1473 1325 1519 suga
1351 1477 1420 1507 est:
1446 1471 1654 1518 progrederis

82 1533 198 1569 animo
223 1543 298 1569 cum
311 1532 460 1580 appetis:
478 1531 572 1578 sugis
600 1531 727 1573 animo,
755 1542 829 1566 cum
858 1531 984 1564 mamis.
1012 1528 1171 1575 Oportet
1198 1527 1318 1573 igitur,
1352 1526 1448 1573 quod
1477 1526 1512 1560 in
1535 1525 1656 1571 justisi-

84 1586 229 1622 catione
250 1585 351 1634 impii
366 1585 412 1621 sit
432 1593 555 1620 motus
570 1584 671 1619 liberi
687 1584 820 1619 arbitrii
841 1583 989 1630 dupiex3
1009 1593 1112 1624 unus,
1127 1592 1200 1628 quo
1216 1592 1278 1628 per
1295 1579 1515 1615 desiderium
1533 1579 1656 1613 tendat

83 1639 122 1676 in
141 1639 214 1676 Dei
232 1638 424 1686 iustitiam:
447 1646 482 1673 et
503 1637 606 1680 alius,
627 1648 700 1685 quo
723 1637 918 1672 detestetur
940 1644 1144 1682 peccatum.

154 1693 217 1730 AD
233 1702 384 1729 Pluuuu
402 1703 490 1739 ergo
511 1691 720 1733 dicendum,
741 1691 838 1738 quod
861 1690 904 1725 ad
929 1689 1099 1724 eamdem
1121 1689 1292 1723 virtutem
1312 1687 1466 1733 pertinet
1484 1685 1655 1733 prosequi

84 1758 199 1783 unum
219 1745 486 1795 oppositorum,
508 1753 543 1780 et
564 1744 730 1790 refugere
752 1744 867 1786 aliud;
889 1751 924 1778 ct
946 1743 1041 1785 ideo,
1063 1742 1156 1777 sicut
1183 1741 1226 1775 ad
1258 1741 1473 1775 charitatem
1503 1740 1656 1786 pertinet

83 1800 235 1848 diligere
254 1800 390 1842 Deum,
411 1799 460 1834 ita
481 1798 591 1833 etiam
614 1798 785 1833 detestari
808 1805 969 1844 peccata,
992 1807 1055 1843 per
1073 1807 1165 1842 quae
1188 1795 1309 1829 anima
1325 1802 1511 1840 separatur
1527 1805 1545 1827 a
1562 1793 1655 1827 Deo.

155 1855 218 1890 AD
231 1863 439 1890 SECUNDUM
457 1852 666 1894 dicendum,
688 1851 784 1898 quod
808 1850 851 1885 ad
875 1850 1076 1897 posteriora
1091 1860 1165 1883 non
1181 1849 1286 1883 debet
1303 1848 1418 1882 homo
1437 1847 1577 1891 regredi
1594 1858 1657 1893 per

85 1918 271 1951 amorem3
291 1907 355 1942 sed
376 1914 551 1954 quantum
575 1905 618 1939 ad
641 1904 711 1939 hoc
734 1904 840 1939 debet
859 1915 900 1938 ea
923 1903 1100 1943 oblivisci,
1117 1910 1155 1936 ut
1176 1902 1220 1936 ad
1237 1913 1279 1936 ea
1294 1912 1367 1935 non
1384 1900 1579 1935 afficiatur:
1599 1900 1657 1935 de-

84 1962 146 1999 bet
163 1970 288 1998 tamen
309 1971 440 1996 eorum
461 1958 644 1995 recordari
665 1969 728 2006 per
750 1957 1097 1998 considerationem,
1120 1964 1158 1990 ut
1179 1967 1221 1990 ea
1243 1955 1455 1990 detestetur:
1483 1954 1533 1989 sic
1557 1953 1654 1989 enim

85 2015 130 2053 ab
156 2015 209 2052 eis
232 2014 381 2051 recedit.

156 2068 218 2106 An
245 2078 419 2105 TERTnJu
451 2066 659 2108 dicendum,
688 2064 785 2113 quod
821 2065 856 2099 in
889 2073 1056 2111 tempore
1091 2062 1330 2110 praecedente
1361 2060 1654 2107 justificationem

86 2131 232 2173 oportet
251 2122 350 2170 quod
368 2121 485 2157 homo
507 2119 649 2167 singula
672 2126 832 2166 peccata,
853 2129 945 2165 quae
965 2117 1163 2158 commisit,
1185 2116 1393 2157 detestetur,
1409 2126 1565 2161 quorum
1585 2126 1655 2149 mc-

86 2176 244 2213 moriam
264 2175 391 2212 habet:
414 2182 450 2210 et
478 2185 522 2210 ex
545 2173 608 2209 tali
631 2172 925 2208 consideratione
949 2170 1178 2218 praecedenti
1210 2169 1439 2216 subsequitur
1468 2168 1503 2202 in
1534 2168 1654 2202 anima

86 2230 235 2279 quidam
256 2236 378 2265 motus
398 2227 610 2264 detestantis
632 2225 882 2261 universaliter
903 2224 1027 2259 omnia
1050 2232 1198 2271 peccata
1221 2222 1437 2263 commissam
1460 2222 1550 2256 inter
1563 2232 1655 2268 quae

86 2283 198 2320 etiam
218 2282 452 2319 includuntur
472 2289 622 2328 peccata
645 2278 822 2314 oblivioni
844 2278 992 2319 tradita;
1015 2277 1098 2324 quia
1120 2277 1236 2311 homo
1263 2276 1298 2310 in
1325 2283 1419 2310 statu
1443 2274 1505 2310 illo
1528 2283 1582 2310 est
1602 2275 1653 2309 sic

86 2337 293 2386 dispositus,
314 2344 353 2372 ut
381 2335 492 2371 etiam
520 2334 563 2369 de
591 2333 659 2375 his,
681 2343 773 2380 quae
795 2343 869 2366 non
893 2331 1072 2372 meminit,
1101 2338 1362 2371 contereretur,
1396 2328 1425 2363 si
1454 2329 1654 2363 memoriae

87 2390 270 2427 adessent:
291 2397 328 2426 et
348 2388 415 2425 iste
438 2396 561 2424 motus
583 2386 766 2422 concurrit
793 2385 835 2420 ad
858 2383 1166 2431 justificationem.

649 2503 994 2550 ARTICULUS
1029 2503 1104 2546 IV.
1587 2499 1652 2546 605

154 2603 310 2637 UTRUM
340 2601 541 2635 Rssfflssto
573 2599 872 2632 PECCATORUM
906 2599 1075 2630 DEBEAT
1108 2597 1330 2629 NUMERAR!
1361 2596 1491 2627 INTER
1525 2596 1595 2635 EA,

302 2663 423 2701 QUAE
455 2660 768 2698 REQUIRUNTUR
802 2660 859 2689 AD
888 2658 1286 2702 JUSTIFICATIONEM
1313 2656 1433 2686 mvn.

174 2733 286 2783 (Part.
303 2745 333 2781 3.
353 2744 385 2781 q.
406 2732 464 2771 86.
485 2737 550 2767 art.
573 2731 606 2765 6.
629 2731 671 2765 ad
693 2742 719 2766 1.
742 2735 770 2765 ct
791 2742 821 2777 q.
844 2731 898 2765 SS.
921 2734 986 2764 art.
1010 2741 1040 2765 2.
1062 2734 1091 2763 c!
1112 2739 1144 2772 4.
1170 2728 1256 2762 Dist.
1286 2738 1326 2771 15·
1349 2739 1379 2773 q.
1402 2737 1433 2770 4.
1456 2730 1520 2759 art.
1543 2737 1568 2769 3.

87 2787 184 2825 emb.
196 2798 233 2834 4.
245 2786 401 2834 Coning.
416 2791 489 2834 cap.
505 2796 556 2832 7²·
572 2789 601 2820 ce
619 2785 704 2819 Veri.
717 2796 747 2831 q.
763 2784 816 2819 23.
827 2787 891 2818 art.
907 2783 938 2818 6.
954 2783 1091 2830 ct'Jmm.
1107 2781 1212 2827 4.]ῐη.
1227 2786 1256 2815 ct
1273 2780 1384 2827 liphcs.
1400 2791 1426 2824 5.
1442 2778 1513 2813 lert.
1526 2778 1655 2824 (ajin).

160 2869 222 2907 AD
235 2879 389 2907 snan
404 2868 454 2905 sic
473 2867 691 2916 proceditur.
708 2866 870 2908 Videtur,
884 2865 980 2912 quod
1004 2864 1170 2900 remissio
1187 2872 1419 2910 peccatorum
1439 2873 1512 2896 non
1528 2861 1655 2896 debeat

90 2922 273 2961 numerari
294 2922 387 2959 inter
408 2933 462 2965 ea,
484 2933 576 2969 quae
600 2920 826 2967 requiruntur
841 2920 883 2954 ad
899 2918 1192 2964 justificationem
1213 2918 1329 2964 impii:
1347 2915 1541 2951 substantia
1558 2914 1653 2950 enim
