1875 3198
213 155 298 197 710
628 153 849 189 QUAESTIO
884 153 1002 183 XCIX.
1036 153 1281 184 ARTICULUS
1315 154 1356 182 V.

211 235 418 269 excelsiorem
439 236 563 270 cunctis
574 235 722 280 gentibus
737 243 823 277 etc.;
846 242 881 268 et
893 234 1105 280 hujusmodi
1119 234 1284 268 dicuntur
1293 234 1555 279 justificationes,
1570 233 1770 268 secundum

211 288 308 334 quod
329 289 429 323 Deus
453 288 592 334 aliquos
621 288 714 333 juste
745 288 857 333 punit,
879 287 937 322 vel
965 288 1160 334 praemiat:
1182 288 1260 333 ipsa
1282 295 1403 321 autern
1425 287 1565 333 agenda
1585 288 1650 321 sub
1672 298 1770 333 prae-

212 350 317 388 cepto
338 353 413 376 non
435 342 577 383 cadunt,
592 342 660 375 nisi
675 342 890 387 inquantum
903 341 1037 375 habent
1054 341 1212 386 aliquam
1234 341 1342 374 debiti
1363 340 1554 375 rationem.
1577 340 1640 375 Est
1651 348 1772 375 autem

210 395 327 442 duplex
341 396 517 430 debitum:
541 408 643 429 anum
663 395 809 440 quidem
827 395 1027 428 secundum
1046 393 1211 440 regulam
1225 394 1389 428 rationis:
1409 393 1500 428 aliud
1514 401 1636 428 autern
1649 404 1773 428 secun-

211 448 296 482 dum
317 448 481 495 regulam
500 449 589 494 legis
607 448 897 490 determinantis3
920 448 1013 482 sicut
1032 447 1168 482 Philos.
1184 447 1220 481 in
1239 458 1266 492 ς.
1281 447 1398 481 Ethic.
1419 447 1506 493 (cap.
1522 448 1568 493 7.)
1587 447 1773 493 distinguit

210 502 328 548 duplex
348 504 495 548 justum,
517 501 673 536 scilicet:
696 502 831 543 morale,
857 509 893 535 et
913 501 1021 546 legale.
1052 501 1225 535 Debitum
1255 509 1377 534 autem
1397 500 1536 535 morale
1563 508 1616 534 est
1635 500 1771 547 duplex:

210 555 321 590 dictat
342 557 439 589 enim
461 556 552 589 ratio
575 554 708 600 aliquid
723 554 942 596 faciendum,
961 555 1013 589 vel
1030 563 1218 600 tamquam
1236 554 1492 596 necessarium,
1510 554 1587 588 sine
1606 564 1678 600 quo
1696 565 1771 588 non

210 617 328 654 potest
349 620 425 643 esse
441 609 530 642 ordo
552 608 703 649 virtutis,
724 608 776 642 vel
790 616 979 654 tamquam
997 607 1083 641 utile
1098 608 1142 641 ad
1157 608 1229 641 hoc
1251 607 1348 653 quod
1370 607 1460 641 ordo
1481 607 1621 642 virtutis
1642 606 1772 641 melius

211 670 459 697 conservetur:
484 670 517 696 et
544 662 745 696 secundum
774 662 846 695 hoc
877 661 1057 707 quaedam
1085 661 1282 695 moralium
1309 661 1472 707 praecise
1493 660 1771 707 praecipiuntur,

209 715 268 749 vel
288 716 523 762 prohibentur
537 715 574 749 in
588 714 685 761 lege:
704 715 812 749 sicut:
829 715 907 750 Non
925 714 1069 750 occides:
1092 715 1170 749 Non
1176 715 1314 761 fartam
1324 715 1429 761 facies
1438 727 1451 756 ,·
1475 723 1510 749 et
1522 715 1613 749 haec
1628 715 1771 761 proprie

210 769 376 803 dicuntur
391 774 578 815 praecepta.
603 768 796 809 Quaedam
818 780 904 803 vero
927 768 1207 815 praecipiuntur,
1229 767 1286 802 vel
1308 768 1554 814 prohibentur,
1575 779 1650 802 non
1669 768 1771 814 quasi

209 823 369 869 praecise
392 823 520 864 debita,
543 823 605 856 sed
627 830 772 867 propter
787 821 934 856 melius:
959 830 994 856 et
1013 821 1082 856 ista
1096 829 1246 867 possunt
1260 821 1330 856 dici
1347 821 1526 857 mandata:
1549 821 1632 867 quia
1651 833 1772 868 quam-

211 877 294 910 dam
316 876 567 910 inductionem
593 875 739 917 habent,
770 884 804 910 et
825 875 1110 922 persuasionem,
1132 876 1224 909 sicut
1252 874 1341 910 illud
1362 875 1475 909 Exod.
1498 885 1572 909 22.:
1595 875 1631 910 Si
1650 876 1772 922 pignus

209 932 370 977 acceperis
390 931 619 965 vestimentum
640 940 660 963 a
677 930 837 976 proximo
860 935 926 971 tao,
951 934 1026 964 ante
1054 929 1129 964 solis
1150 940 1303 963 occasum
1324 928 1441 963 reddas
1461 930 1501 971 ei,
1525 936 1561 963 et
1586 928 1705 974 aliqua
1731 928 1773 963 si-

209 984 328 1026 milia3
350 984 445 1018 unde
468 983 617 1017 Hieron.
640 982 727 1016 dicit
756 983 808 1027 (in
826 984 936 1028 princ.
958 987 1087 1028 profim.
1106 983 1142 1016 in
1163 983 1274 1017 Marc.
1305 987 1335 1017 et
1361 982 1437 1017 hab.
1455 983 1491 1016 in
1523 982 1644 1027 Glos.),
1675 982 1772 1028 quod

209 1039 244 1072 in
262 1038 444 1083 praeceptis
462 1042 504 1071 est
517 1037 661 1082 justitia,
684 1037 719 1070 in
740 1036 906 1071 mandatis
930 1047 1010 1070 vero
1033 1035 1188 1070 charitas.
1210 1035 1384 1070 Debitum
1406 1043 1529 1070 autem
1547 1046 1591 1070 ex
1609 1035 1773 1070 determi-

209 1091 356 1125 natione
378 1090 467 1136 legis
489 1091 525 1124 in
539 1090 644 1124 rebus
667 1089 814 1136 quidem
836 1089 1005 1123 humanis
1023 1089 1177 1136 pertinet
1196 1089 1239 1123 ad
1257 1088 1458 1135 judicialia:
1477 1089 1514 1123 in
1529 1089 1633 1123 rebus
1651 1097 1772 1124 autem

210 1145 339 1179 divinis
362 1145 405 1179 ad
428 1143 727 1179 caeremonialia:
751 1144 916 1190 quamvis
938 1143 1048 1177 etiarn
1070 1154 1124 1185 ea,
1146 1154 1238 1189 quae
1259 1143 1439 1189 pertinent
1459 1143 1504 1177 ad
1525 1153 1694 1189 poenam,
1713 1142 1772 1177 vel

209 1198 381 1245 praemia,
404 1198 475 1232 dici
503 1197 641 1243 possint
672 1198 867 1239 testimonia,
891 1197 1107 1243 inquantum
1128 1204 1209 1231 sunt
1226 1197 1505 1242 protestationes
1530 1196 1708 1242 quaedam
1725 1196 1775 1230 di-

212 1252 318 1286 vinae
346 1252 520 1297 justitiae:
543 1252 668 1285 omnia
696 1261 784 1285 vero
814 1259 1008 1297 praecepta
1037 1250 1127 1296 legis
1157 1258 1309 1296 possunt
1334 1249 1405 1284 dici
1433 1251 1694 1296 justificationes,
1721 1249 1774 1283 in-

210 1314 385 1352 quantum
415 1313 498 1340 sunt
523 1304 703 1351 quaedam
730 1304 961 1338 executiones
992 1303 1118 1350 legalis
1145 1304 1320 1349 justitiae:
1350 1311 1502 1349 possunt
1529 1303 1639 1338 etiam
1668 1302 1770 1338 aliter

209 1360 378 1393 mandata
394 1370 413 1392 a
434 1358 634 1404 praeceptis
656 1357 844 1404 distingui;
866 1365 905 1392 ut
919 1362 1096 1404 praecepta
1118 1357 1293 1399 dicantur,
1315 1368 1407 1403 quae
1420 1357 1522 1391 Deus
1536 1367 1599 1403 per
1611 1356 1772 1403 seipsum

208 1413 328 1459 jussit:
351 1412 510 1447 mandata
533 1419 666 1454 autem,
688 1422 779 1457 quae
801 1423 865 1457 per
886 1410 976 1445 alios
994 1410 1191 1453 mandavit,
1213 1418 1251 1445 ut
1271 1410 1391 1457 ipsum
1410 1421 1548 1445 nomen
1569 1421 1699 1444 sonare
1725 1410 1772 1444 vi-

209 1467 321 1501 detur.
340 1466 391 1500 Ex
414 1467 542 1512 quibus
561 1465 729 1499 omnibus
752 1473 909 1511 apparet,
937 1464 1034 1510 quod
1057 1464 1181 1498 omnia
1202 1463 1293 1510 legis
1322 1472 1515 1510 praecepta
1545 1463 1773 1499 continentur

208 1520 271 1554 sub
294 1519 504 1562 moralibus,
527 1518 864 1560 caeremonialibus,
887 1525 920 1552 et
941 1517 1186 1564 judicialibus:
1210 1517 1281 1552 alia
1305 1529 1393 1552 vero
1414 1529 1490 1552 non
1510 1517 1646 1552 habent
1665 1517 1772 1552 ratio—

207 1585 291 1608 nem
307 1581 597 1620 praeceptorum,
612 1572 674 1607 sed
690 1572 901 1607 ordinantur
916 1571 960 1606 ad
974 1580 1252 1619 praeceptorum
1267 1571 1573 1614 observationem,
1583 1579 1622 1606 ut
1635 1571 1772 1606 dictum

207 1635 261 1661 est
281 1628 352 1672 (hic
371 1628 470 1673 sap).

277 1681 337 1715 AD
347 1691 497 1716 PRIMUM
516 1691 603 1726 ergo
618 1679 824 1721 dicendum,
844 1679 940 1725 quod
955 1678 1034 1714 sola
1054 1678 1302 1725 justitiainter
1323 1678 1411 1713 alias
1431 1678 1580 1713 virtutes
1596 1678 1771 1725 importat

206 1734 384 1768 rationem
403 1734 529 1777 debiti;
545 1742 579 1768 et
592 1733 674 1768 ideo
690 1732 843 1767 moralia
861 1733 1040 1767 intantum
1053 1740 1135 1767 sunt
1148 1732 1229 1778 lege
1244 1731 1543 1774 determinabilia,
1558 1732 1772 1778 inquantum

206 1788 383 1834 pertinent
405 1788 448 1821 ad
470 1787 655 1833 justitiam,
678 1787 778 1832 cujus
802 1787 911 1821 etiam
926 1786 1107 1832 quaedum
1129 1797 1211 1832 pars
1233 1794 1288 1820 est
1307 1785 1449 1832 religio,
1463 1794 1502 1820 ut
1520 1785 1663 1820 Tullius
1685 1785 1772 1820 dicit

206 1841 279 1886 (lib.
302 1854 333 1876 2.
350 1841 386 1876 de
407 1842 537 1876 lavent.
561 1841 722 1886 aliquant.
745 1845 820 1875 ante
833 1840 931 1886 fin.);
955 1839 1049 1874 unde
1071 1840 1205 1884 justum
1228 1838 1346 1886 legale
1366 1850 1442 1873 non
1463 1847 1583 1886 potest
1603 1850 1682 1874 esse
1710 1838 1769 1873 ali-

206 1895 302 1941 quod
324 1903 464 1941 praeter
486 1893 779 1936 caeremonialia,
801 1901 836 1928 et
856 1893 1039 1939 judicialia
1060 1901 1263 1940 praecepta.

277 1949 336 1983 AD
358 1959 447 1983 ALIA
473 1956 570 1995 patet
591 1949 780 1994 responsio
803 1958 866 1994 per
888 1958 941 1989 ea,
964 1958 1055 1993 quae
1078 1947 1172 1981 dicta
1193 1954 1277 1981 sunt
1300 1946 1351 1991 (in
1371 1952 1460 1994 corp.
1483 1946 1579 1991 ατί.)

753 2112 1099 2158 ARTICULUS
1127 2112 1205 2156 VI.
1705 2133 1769 2170 529
1825 2114 1838 2158 ,⁴

311 2223 463 2252 UTRUM
487 2222 569 2251 LEX
590 2221 731 2251 VETUS
757 2221 975 2251 DEBUERIT
999 2221 1220 2251 INDUCERE
1244 2221 1302 2250 AD
1328 2219 1665 2250 OBSERVANTIAM

204 2287 555 2318 PRAECEPTORUM
573 2288 650 2317 PER
666 2287 952 2317 TEMPORALES
970 2286 1299 2326 PROMISSIONES,
1312 2286 1368 2316 ET
1387 2284 1768 2316 COMMINATIONES.

466 2381 579 2427 (Supr.
602 2392 631 2426 q.
655 2392 705 2426 91.
730 2386 794 2415 art.
813 2393 841 2426 5.
865 2387 953 2427 corp.
976 2386 1006 2415 ct
1027 2381 1107 2427 insr.
1130 2392 1159 2426 q.
1183 2392 1255 2427 107.
1275 2385 1339 2414 art.
1361 2392 1388 2415 1.
1410 2379 1453 2414 ad
1473 2391 1504 2415 2.

359 2441 388 2470 ct
406 2448 433 2481 3.
455 2436 542 2470 Dist.
564 2445 597 2480 4.
621 2439 684 2470 art.
706 2446 737 2469 2.
760 2441 850 2481 corp.
873 2440 902 2469 et
919 2440 983 2469 art.
1005 2446 1037 2479 4.
1060 2440 1088 2470 et
1115 2436 1209 2470 Rom.
1235 2435 1266 2470 S.
1289 2435 1358 2469 lect.
1377 2446 1405 2480 3.
1428 2439 1456 2469 et
1477 2440 1550 2481 cap.
1572 2445 1624 2469 ιο.

773 2493 802 2523 ct
824 2500 854 2523 2.
879 2488 958 2522 Cor.
980 2501 1026 2523 ιι.
1045 2488 1114 2523 lect.
1137 2488 1201 2533 6.).

275 2590 334 2624 An
357 2600 509 2624 suxTUM
532 2589 582 2623 sic
605 2588 820 2635 proceditur.
838 2588 1000 2629 Videtur,
1023 2588 1119 2635 quod
1143 2588 1198 2622 lex
1212 2595 1314 2622 vetus
1328 2598 1402 2621 non
1418 2586 1579 2622 debuerit
1599 2586 1769 2621 inducere

204 2644 246 2677 ad
275 2643 541 2677 observantiam
569 2650 847 2688 praeceptorum
876 2654 938 2687 per
965 2641 1184 2688 temporales
1212 2641 1483 2687 promissiones,
1510 2648 1544 2675 et
1570 2640 1769 2674 commina-

203 2697 337 2731 tiones:
360 2696 511 2730 intcntio
535 2696 632 2730 enim
648 2696 737 2740 legis
752 2695 894 2729 divinae
918 2703 982 2736 cst,
1006 2704 1043 2729 ut
1065 2695 1232 2729 homines
1255 2695 1336 2729 Deo
1358 2694 1486 2728 subdat
1504 2704 1567 2740 per
1583 2693 1768 2735 timorem,

204 2759 237 2784 ct
260 2761 443 2791 amorem3
467 2749 560 2783 unde
584 2749 713 2783 dicitur
735 2749 841 2783 Deut.
870 2760 940 2783 10.:
969 2750 1013 2783 Et
1040 2761 1125 2783 nunc
1153 2749 1269 2790 Israel,
1296 2748 1374 2794 quid
1395 2749 1562 2783 Dominus
1583 2748 1673 2782 Deus
1698 2752 1768 2782 tuus

198 2806 280 2850 Petit
302 2816 321 2838 ιι
342 2809 379 2844 lc,
403 2805 465 2838 nisi
488 2808 520 2837 ut
543 2805 657 2838 titncas
680 2804 864 2836 Dominum
888 2803 996 2836 Deum
1020 2808 1125 2843 tuum,
1148 2808 1179 2837 ct
1193 2803 1337 2837 ambules
1357 2803 1392 2836 in
1413 2803 1477 2836 viis
1497 2803 1577 2847 ejus,
1600 2806 1629 2836 et
1649 2801 1766 2846 diligas

203 2859 295 2892 cum?
318 2857 387 2892 Sed
412 2857 588 2903 cupiditas
615 2868 734 2891 rerum
762 2855 1018 2903 temporalium
1043 2856 1186 2890 abducit
1213 2867 1232 2890 a
1254 2856 1359 2890 Deo:
1381 2855 1467 2891 dicit
1488 2855 1584 2890 enim
1610 2855 1764 2901 August.
