1907 3198
527 175 753 213 ouans-no
788 176 858 208 cv.
891 176 1139 208 ART1cutus
1173 176 1230 207 ιν.
1584 167 1664 224 803

89 264 231 296 veneam
249 258 436 296 conditione
454 271 630 294 servorum
640 271 653 301 ,·
676 267 713 295 et
733 260 829 302 ideo,
850 261 935 307 quia
955 259 1170 306 simpliciter
1190 259 1286 295 servi
1306 271 1381 295 non
1403 269 1516 303 erant,
1538 262 1600 296 sed
1619 274 1669 298 se-

91 313 253 350 cundum
273 312 372 361 quid,
392 312 496 348 finito
515 321 699 361 ternpore,
717 313 991 349 dimittebantur
1012 313 1126 348 liberi.

161 367 223 403 AD
244 376 454 404 SECUNDUM
476 366 686 410 dicendum,
706 367 804 415 quod
827 367 1039 403 mandatum
1063 366 1150 402 illud
1173 367 1386 415 intelligitur
1407 368 1451 404 de
1473 380 1593 411 servo,
1607 369 1668 416 qui

90 432 112 458 a
131 420 286 457 domino
307 420 493 468 quaeritur
515 421 560 456 ad
582 421 839 464 occidendum,
860 421 920 456 vel
941 422 984 456 ad
1007 421 1155 468 aliquod
1178 422 1319 468 peccati
1340 422 1595 458 ministerium.

159 475 222 512 AD
242 484 417 511 TERTIUM
438 475 645 519 dicendum,
671 475 770 522 quod
796 475 893 510 circa
914 475 1095 510 laesiones
1121 475 1234 510 servis
1261 475 1380 512 illatas
1406 476 1464 512 lex
1498 477 1667 512 conside-

88 540 187 565 rasse
210 527 365 571 videtur,
398 537 520 564 utrum
551 529 597 564 sit
623 537 733 572 certa,
759 528 818 564 vel
845 529 1000 564 incerta:
1029 529 1058 564 si
1084 529 1183 564 enim
1210 529 1325 565 laesio
1352 539 1450 566 certa
1477 539 1583 573 esset,
1610 531 1667 566 lex

87 593 248 632 poenam
268 582 452 626 adhibuit;
472 594 539 630 pro
555 583 785 618 mutilatione
799 583 948 630 quidem
968 583 1207 619 amissionem
1222 584 1329 627 servi,
1343 584 1405 632 qui
1426 585 1668 620 mandabatur

86 636 253 674 libertate
273 635 484 672 donandus:
507 648 573 683 pro
589 645 707 672 morte
723 645 845 672 autem
868 637 1059 672 homicidii
1075 648 1245 684 poenam,
1262 650 1346 673 cum
1362 650 1488 674 servus
1501 639 1539 673 in
1553 651 1665 674 manu

87 690 230 727 domini
248 689 471 726 verberantis
500 690 715 726 moriretur:
738 692 768 726 si
788 701 876 725 vero
907 690 1021 726 laesio
1048 703 1125 726 non
1153 700 1248 727 esset
1273 700 1383 735 certa,
1413 693 1476 728 sed
1505 692 1666 740 aliquam

87 745 339 794 apparentiam
358 744 520 787 haberet,
541 743 600 779 lex
625 743 766 779 nullam
793 755 953 792 poenam
981 744 1168 791 infligebat
1193 745 1229 780 in
1251 747 1399 793 proprio
1427 757 1553 790 serv03
1579 755 1667 793 puta

86 810 172 835 cum
192 809 386 846 percussus
403 809 528 834 servus
541 809 617 833 non
638 799 762 834 statim
776 799 1010 841 moriebatur,
1033 799 1094 834 sed
1113 808 1196 846 post
1213 799 1354 847 aliquos
1376 800 1470 836 dies:
1484 801 1663 836 incertum

85 852 185 888 enim
206 861 295 896 erat,
314 860 438 888 utrum
459 863 503 887 ex
523 852 758 899 percussione
780 861 946 887 mortuus
961 861 1074 888 esset:
1095 853 1179 900 quia
1200 853 1231 888 si
1251 854 1488 900 percussisset
1508 854 1664 890 liberum

84 906 290 950 hominem,
311 907 362 942 ita
385 913 511 941 tamen
532 906 630 953 quod
658 907 780 941 statim
801 917 876 941 non
904 915 1118 949 moreretur,
1140 907 1203 942 sed
1230 919 1338 954 super
1358 908 1531 943 baculum
1556 920 1663 944 suum

85 945 301 1004 anibularet,
332 971 410 996 non
431 967 508 996 erat
535 960 728 995 homicidii
761 971 843 995 reus
869 961 931 1008 qui
957 969 1198 1008 percusserat,
1223 961 1366 997 etiamsi
1393 970 1521 1009 postea
1546 974 1665 998 more-

83 1021 199 1050 retur:
219 1014 412 1050 tenebatur
435 1022 560 1049 tamen
587 1015 630 1049 ad
656 1014 843 1061 impensas
866 1014 1074 1057 solvendas,
1102 1026 1190 1062 quas
1214 1026 1407 1062 percussus
1434 1016 1471 1050 in
1498 1016 1664 1052 medicos

82 1066 237 1104 fecerat:
259 1068 322 1104 sed
343 1067 416 1103 hoc
436 1068 474 1103 in
495 1079 602 1103 servo
623 1068 770 1115 proprio
789 1068 915 1103 locum
936 1080 1011 1104 non
1032 1069 1209 1105 habebat:
1232 1070 1316 1116 quia
1340 1071 1513 1118 quidquid
1535 1082 1660 1106 servus

82 1121 252 1166 habebat,
273 1130 310 1158 et
329 1122 440 1158 etiam
461 1122 540 1170 ipsa
561 1133 717 1170 persona
736 1123 830 1157 servi
844 1131 921 1158 erat
941 1123 1122 1170 quaedam
1137 1125 1320 1170 possessio
1342 1125 1502 1159 domini:
1522 1133 1557 1159 et
1578 1125 1662 1160 ideo

82 1186 150 1224 pro
163 1187 274 1212 causa
299 1176 514 1224 assignatur,
536 1187 648 1224 quare
668 1187 743 1212 non
764 1177 949 1223 subjaceat
969 1188 1112 1224 poenae
1139 1178 1383 1225 pecuniariae,
1406 1179 1490 1226 quia
1515 1181 1661 1226 pecunia

40 1258 48 1265 .
82 1230 175 1266 illius
193 1234 248 1267 est.

153 1284 415 1325 ADQUARTUM
428 1283 637 1327 dicendum,
646 1284 855 1331 quod‚sicut
865 1284 1004 1319 dictum
1019 1292 1073 1320 est
1087 1284 1138 1330 (in
1147 1285 1206 1320 sol.
1216 1297 1245 1321 ι.
1257 1286 1359 1332 arg),
1372 1285 1493 1321 nullus
1502 1286 1661 1333 Judaeus

83 1345 228 1386 poterat
238 1338 426 1386 possidere
434 1338 614 1386 Judaeum
628 1338 731 1386 quasi
746 1337 960 1385 simpliciter
977 1350 1137 1382 servum;
1150 1339 1213 1374 sed
1228 1348 1303 1374 erat
1320 1351 1445 1375 servus
1458 1341 1662 1376 secundum

82 1392 180 1440 quid,
201 1392 306 1440 quasi
334 1392 581 1428 mercenarius
602 1403 716 1439 usque
739 1391 783 1427 ad
805 1400 962 1438 tempus,
984 1401 1019 1428 et
1039 1404 1103 1440 per
1122 1393 1220 1428 hunc
1251 1394 1406 1428 modum
1428 1395 1660 1441 permittebat

82 1445 152 1490 lex,
171 1445 271 1494 quod
290 1454 502 1494 paupertate
523 1454 678 1492 cogente
694 1445 823 1492 aliquis
841 1445 969 1489 filium,
987 1446 1046 1481 vel
1064 1446 1177 1481 filiam
1195 1447 1388 1490 venderet;
1407 1456 1441 1482 et
1461 1448 1533 1483 hoc
1549 1449 1660 1483 etiam

80 1500 192 1536 verba
211 1500 325 1548 ipsius
345 1500 438 1548 legis
459 1500 672 1543 ostendunt;
699 1500 786 1535 dicit
813 1500 928 1536 enim:
950 1501 987 1536 Si
1012 1502 1084 1548 quis
1103 1501 1290 1537 vendiderit
1306 1502 1419 1548 filiam
1440 1514 1534 1537 suam
1557 1504 1591 1537 in
1604 1503 1662 1549 sa-

79 1554 223 1599 mlum,
243 1566 311 1590 non
325 1554 523 1602 egredietur,
543 1556 629 1590 sicut
641 1556 731 1590 exire
747 1554 890 1590 ancillae
904 1560 1153 1590 consueverunt.
1175 1555 1245 1590 Per
1258 1555 1356 1590 hunc
1376 1556 1486 1590 etiam
1505 1557 1659 1591 modum

79 1619 158 1644 non
180 1607 304 1644 solum
327 1607 445 1644 filium
471 1619 590 1651 suum,
616 1608 680 1644 sed
706 1608 819 1644 etiam
844 1609 1007 1655 seipsum
1033 1608 1162 1656 aliquis
1187 1609 1345 1644 vendere
1371 1618 1514 1656 poterat
1540 1611 1658 1656 magis

80 1663 184 1710 quasi
205 1663 485 1706 mercenarium,
506 1673 618 1709 quam
638 1662 742 1709 quasi
762 1673 921 1705 servum,
943 1663 1146 1698 secundum
1166 1662 1256 1698 illud
1278 1663 1393 1698 Levit.
1421 1674 1497 1709 25·2
1522 1664 1560 1700 Si
1573 1671 1658 1712 pau-

73 1720 203 1763 pertate
222 1716 408 1764 compulsus
426 1715 613 1752 vendiderit
632 1729 663 1751 se
684 1717 745 1751 tibi
764 1717 872 1760 frater
898 1722 983 1760 tuns,
1005 1729 1069 1751 non
1091 1729 1165 1752 cum
1191 1718 1355 1764 opprimas
1374 1719 1530 1753 servitute
1549 1718 1660 1763 famu-

80 1769 205 1813 lorum,
225 1769 281 1805 sed
300 1770 397 1817 quasi
417 1771 655 1813 mercenarius,
674 1775 705 1805 et
722 1771 855 1805 colonus
875 1772 948 1805 erit.

151 1823 214 1859 An
234 1833 416 1864 Qumrtm
438 1823 646 1866 dicendum,
661 1824 772 1871 quod,
785 1824 879 1858 sicut
893 1824 1032 1860 Philos.
1052 1825 1139 1859 dicit
1159 1824 1195 1859 in
1213 1835 1264 1860 10.
1280 1824 1441 1860 Ethicor.
1461 1826 1550 1873 (cap.
1566 1826 1656 1871 ult),

78 1876 301 1925 principatus
321 1885 491 1925 paternus
512 1878 623 1912 habet
643 1877 764 1913 solum
791 1878 1011 1914 admonendi
1039 1886 1271 1925 potestatem,
1298 1890 1372 1914 non
1400 1888 1523 1914 autem
1549 1880 1659 1916 habet

79 1931 155 1966 vim
175 1931 395 1975 coactivam,
412 1942 477 1978 per
497 1943 608 1979 quam
629 1931 793 1974 rebelles,
816 1940 851 1966 et
865 1927 1104 1968 contumaces
1119 1933 1314 1979 comprimi
1329 1942 1498 1980 possunt:
1521 1943 1556 1969 et
1573 1935 1657 1970 ideo

79 1984 117 2020 in
136 1984 210 2020 hoc
231 1996 319 2021 casu
339 1984 398 2020 lex
415 1985 625 2029 mandabat,
638 1993 677 2020 ut
689 1985 784 2020 filius
800 1994 999 2021 contumax
1015 1998 1034 2020 a
1049 1986 1270 2033 principibus
1289 1987 1443 2022 civitatis
1459 1988 1656 2034 puniretur.

150 2037 212 2074 AD
232 2049 386 2075 serrum
407 2039 615 2081 dicendum,
637 2040 734 2086 quod
757 2039 941 2075 Dominus
964 2039 1188 2087 alienigenas
1207 2040 1393 2087 prohibuit
1410 2041 1446 2075 in
1469 2042 1656 2077 matrimo-

78 2091 182 2128 nium
202 2092 287 2128 duci
305 2100 453 2141 propter
473 2093 678 2140 periculum
707 2093 941 2136 seductionis,
972 2105 1017 2128 ne
1040 2094 1296 2130 inducerentur
1329 2095 1365 2129 in
1388 2095 1654 2131 idololatriam:

79 2153 116 2182 et
134 2146 339 2194 specialiter
363 2147 436 2182 hoc
457 2147 644 2194 prohibuit
668 2147 711 2182 de
733 2146 803 2182 illis
831 2147 1010 2194 gentibus,
1037 2160 1129 2195 quae
1155 2148 1192 2183 in
1214 2148 1336 2184 vicino
1363 2149 1585 2193 habitabant,
1611 2151 1655 2185 de

78 2199 209 2248 quibus
229 2208 306 2236 erat
325 2201 443 2247 magis
462 2200 649 2248 probabile
671 2201 768 2248 quod
791 2212 877 2236 suos
898 2201 986 2236 ritus
1008 2202 1223 2237 retinerent:
1246 2202 1276 2237 si
1302 2214 1374 2249 qua
1394 2214 1482 2238 vero
1505 2203 1657 2238 idolola-

77 2253 168 2290 triae
189 2253 329 2289 cultum
346 2253 527 2290 dimittere
548 2254 670 2297 vellet,
692 2263 727 2289 et
748 2255 791 2289 ad
815 2254 905 2302 legis
927 2255 1066 2290 cultum
1089 2267 1127 2290 se
1149 2255 1354 2299 transferre,
1374 2265 1514 2304 poterat
1534 2257 1568 2292 in
1582 2269 1657 2293 ma-

76 2307 293 2344 trimonium
313 2307 419 2352 duci;
439 2308 533 2344 sicut
554 2316 651 2356 patet
671 2308 715 2343 de
737 2308 847 2351 Ruth,
863 2320 973 2356 quam
994 2309 1094 2344 duxit
1110 2310 1211 2345 Booz
1226 2309 1262 2344 in
1278 2322 1450 2347 uxorem:
1466 2311 1561 2346 unde
1577 2312 1652 2359 ipsa

77 2361 217 2398 dixerat
227 2361 350 2398 socrui
367 2373 470 2398 suae:
487 2362 634 2410 Populus
648 2367 733 2404 tuus,
742 2363 885 2410 populus
899 2375 998 2405 meus,
1016 2364 1108 2398 Deus
1122 2369 1206 2406 tuus,
1223 2364 1314 2399 Deus
1329 2377 1429 2408 meus,
1445 2373 1483 2399 ut
1496 2365 1650 2400 habetur

77 2415 177 2451 Ruth
202 2426 244 2460 1.;
263 2423 300 2451 et
321 2414 404 2452 ideo
426 2415 569 2463 captiva
590 2426 664 2450 non
684 2415 788 2450 aliter
810 2417 1082 2463 permittebatur
1105 2418 1139 2452 in
1163 2429 1314 2452 uxorem
1342 2418 1438 2461 duci,
1460 2419 1529 2453 nisi
1555 2419 1653 2466 prius

77 2479 158 2505 rasa
178 2469 349 2513 caesarie,
371 2477 407 2505 et
427 2469 652 2505 circumcisis
673 2469 866 2513 unguibus,
888 2478 924 2506 et
945 2471 1109 2518 deposita
1131 2480 1241 2513 veste,
1264 2472 1299 2506 in
1319 2483 1389 2518 qua
1412 2481 1516 2518 capta
1539 2482 1604 2517 est,
1619 2482 1655 2508 et

76 2521 180 2559 fleret
195 2530 349 2570 patrem,
369 2530 406 2559 et
425 2531 594 2566 matrem,
613 2534 675 2570 per
693 2534 785 2569 quae
803 2523 1026 2571 significatur
1043 2525 1273 2560 idololatriae
1290 2535 1462 2572 perpetua
1485 2527 1651 2573 abjectio.

148 2576 210 2612 Ao
219 2586 414 2613 smmuu
422 2577 632 2619 dicendum,
646 2576 756 2624 quod,
771 2577 863 2612 sicut
874 2577 1066 2626 chrysost.
1082 2578 1168 2613 dicit
1183 2590 1289 2626 super
1303 2579 1430 2614 Matth.
1444 2580 1548 2625 (hom.
1563 2583 1652 2627 49),

77 2629 162 2678 quia
181 2629 436 2678 immitigabile
455 2630 595 2665 malum
615 2638 691 2665 erat
712 2641 824 2673 mors,
845 2632 944 2678 quod
961 2632 1135 2678 Judaeos,
1153 2633 1213 2679 qui
1233 2633 1358 2667 omnia
1386 2645 1451 2680 pro
1474 2637 1652 2681 praesenti

75 2683 150 2719 vita
170 2682 362 2727 faciebant,
382 2692 556 2720 statutum
579 2683 655 2726 fuit,
675 2692 711 2719 ut
734 2683 907 2720 defuncto
930 2685 1023 2721 filius
1038 2695 1247 2722 nasceretur
1262 2698 1305 2721 ex
1323 2686 1443 2730 fratre,
1463 2689 1560 2734 quod
1576 2697 1652 2724 erat

76 2736 258 2786 quaedam
282 2737 412 2774 mortis
433 2738 637 2784 mitigatio:
665 2749 739 2773 non
767 2746 888 2774 autem
915 2739 1018 2782 alius,
1046 2752 1156 2786 quam
1183 2739 1304 2783 frater,
1331 2741 1390 2775 vel
1416 2743 1650 2788 propinquus,

75 2790 265 2838 jubebatur
290 2791 456 2841 accipere
484 2801 638 2827 uxorem
666 2790 846 2836 defuncti;
875 2793 959 2840 quia
990 2805 1064 2828 non
1099 2795 1147 2828 ita
1177 2795 1395 2835 crederetur,
1429 2795 1490 2841 qui
1518 2808 1560 2830 ex
1588 2795 1649 2831 tali

76 2844 336 2892 conjunctione
355 2853 434 2882 erat
452 2845 667 2888 nasciturus,
690 2857 767 2881 esse
790 2847 866 2892 ejus
893 2846 999 2889 filius,
1026 2847 1087 2894 qui
1109 2847 1219 2890 obiit;
1242 2857 1276 2883 ct
1303 2849 1431 2883 iterum
1459 2857 1649 2884 extraneus

76 2908 152 2934 non
172 2898 223 2935 ita
243 2897 396 2936 haberet
410 2898 665 2935 necessitatem
687 2907 843 2935 statuere
864 2900 1017 2936 domum
1039 2901 1128 2947 ejus,
1154 2901 1214 2948 qui
1242 2901 1392 2945 obierat,
1415 2902 1508 2938 sicut
1528 2901 1647 2946 frater,
