1907 3198
0 174 23 203 ’⁸
476 180 700 217 QUAESTIO
734 180 884 210 XXXIX.
918 179 1167 212 ARTICULUS
1201 180 1230 210 Ι.
1551 169 1636 226 289

8 2730 49 2772 ’n

26 303 30 309 ,
57 271 188 312 quatur
207 262 364 306 tristitia,
385 262 444 298 vel
466 262 583 298 dolor.
606 263 651 298 Et
671 263 743 298 hoc
766 271 831 305 est,
852 262 952 310 quod
978 263 1134 309 August.
1163 262 1251 297 dicit
1276 262 1309 297 8.
1337 274 1444 310 super
1471 262 1566 298 Gen.
1594 263 1639 298 ad

56 317 200 354 literam
221 316 309 364 (cap.
331 328 384 362 14.
406 318 487 352 circ.
510 317 608 364 med.)
623 331 633 352 .·
655 317 776 352 Adhuc
797 322 843 352 est
862 318 996 359 bonum,
1020 316 1106 363 quod
1126 316 1211 351 dolet
1224 318 1381 352 amissum
1399 318 1544 358 bonum;
1559 329 1640 352 nam

56 374 123 409 nisi
140 372 277 419 aliquod
297 373 420 407 bonum
442 374 648 407 remansisset
664 373 699 406 in
721 377 859 414 natura,
881 371 1005 406 nullius
1026 372 1105 406 boni
1125 372 1239 406 amissi
1259 370 1354 405 dolor
1371 376 1446 406 esset
1466 372 1501 405 in
1516 378 1638 418 poena.

57 426 132 463 Sed
151 426 236 474 quia
257 437 446 461 sermones
468 426 628 461 morales
650 434 733 461 sunt
753 426 789 461 in
817 425 1071 472 singularibus,
1098 436 1257 472 quorum
1284 434 1366 460 sunt
1393 425 1639 472 operationes,

55 480 145 517 illud
165 479 264 528 quod
285 488 340 515 est
357 491 400 515 ex
422 480 674 527 suppositione
695 480 848 522 bonum,
870 479 977 514 debet
997 479 1137 514 bonum
1157 479 1330 525 judicari:
1353 479 1448 514 sicut
1467 479 1567 526 quod
1586 488 1640 515 est

57 546 101 571 ex
116 534 368 582 suppositione
393 534 655 576 voluntarium,
681 534 862 580 judicatur
887 533 1150 575 voluntarium,
1177 541 1216 567 ut
1238 533 1369 568 dicitur
1394 534 1432 568 in
1463 545 1492 580 3.
1519 533 1638 569 Ethic.

55 588 146 637 (cap.
166 589 226 635 1.),
248 596 284 623 et
305 599 412 635 supra
433 588 599 622 habitum
622 596 677 623 est
700 588 745 634 (q.
769 589 802 623 6.
825 593 890 623 art.
913 588 977 633 6.).

127 642 189 678 AD
206 652 358 678 PRan
376 653 466 689 ergo
487 642 696 684 dicendum,
724 642 822 689 quod
850 642 1005 689 Gregor.
1033 642 1141 689 Nyss.
1167 641 1328 689 loquitur
1354 642 1398 677 de
1424 642 1568 677 tristitia
1595 654 1638 678 ex

30 739 35 748 ο
56 704 157 746 parte
178 695 267 732 mali
287 696 473 739 tristantis,
494 708 571 731 non
593 705 715 731 autem
737 707 780 731 ex
802 705 902 744 parte
923 696 1122 739 sentientis,
1142 704 1178 732 et
1190 696 1415 743 repudiantis
1429 696 1588 739 malum;
1603 706 1639 732 et

56 761 100 787 ex
120 750 191 786 hac
213 750 324 786 etiam
346 759 447 798 parte
469 761 599 786 omnes
620 750 764 797 fugiunt
783 750 978 793 tristitiam,
996 751 1213 797 inquantum
1235 750 1378 797 fugiunt
1400 750 1557 785 malum:
1574 751 1637 785 sed

56 815 217 847 sensum,
239 813 276 840 et
296 804 554 840 refutationem
575 805 665 840 mali
685 815 760 839 non
782 804 943 851 fugiunt;
967 812 1002 839 et
1023 805 1074 840 sic
1097 805 1294 840 dicendum
1315 805 1426 839 etiarn
1445 813 1500 840 est
1520 805 1564 840 de
1577 804 1639 839 do-

55 858 135 895 lore
156 858 357 907 corporali:
384 870 471 894 nam
496 870 636 902 sensus,
663 867 698 894 et
726 859 908 894 recusatio
935 858 1023 894 mali
1050 858 1252 906 corporalis
1279 867 1467 895 attestatur
1486 867 1638 895 naturae

56 913 187 949 bonae.

22 971 26 978 ‘
129 966 238 1004 Unde
257 974 357 1015 patet
377 967 569 1014 responsio
590 977 642 1002 AD
665 977 887 1010 SECUNDUM,
910 975 946 1003 et
965 978 1016 1003 AD
1039 978 1224 1003 TERTmM.

598 1111 948 1157 ARTICULUS
984 1112 1040 1156 Π.
1567 1136 1638 1162 220

243 1220 400 1252 UTRUM
431 1220 654 1252 TRISTITIA
688 1221 843 1252 POSSIT
874 1222 976 1252 ESSE
1009 1221 1165 1252 BONUM
1198 1222 1456 1253 HONESTUM.

340 1310 453 1355 (Part.
471 1321 500 1357 3.
522 1321 554 1357 q.
571 1321 617 1357 15.
638 1314 704 1345 art.
727 1309 761 1346 6.
784 1309 828 1344 ad
847 1321 879 1346 2.
901 1314 931 1345 et
950 1321 981 1356 q.
1003 1310 1061 1355 46.
1085 1315 1150 1345 art.
1173 1310 1207 1345 6.
1225 1310 1269 1345 ad
1286 1311 1347 1356 2.).

125 1399 188 1436 AD
205 1409 416 1436 SECUNDUM
436 1399 490 1434 sic
511 1399 732 1446 proceditur.
754 1398 920 1442 Videtur,
941 1399 1039 1447 quod
1057 1399 1202 1435 tristitia
1219 1411 1295 1435 non
1309 1400 1443 1436 habeat
1454 1401 1637 1437 rationem

54 1453 144 1491 boni
158 1453 324 1490 honesti:
344 1453 443 1501 quod
465 1453 563 1488 enim
583 1453 628 1488 ad
649 1452 784 1488 inferos
806 1453 964 1496 deducit,
986 1454 1229 1489 contrariatur
1250 1454 1425 1490 honesto:
1449 1457 1523 1498 sed,
1545 1457 1639 1491 sicut

55 1509 145 1545 dicit
162 1508 319 1556 August.
345 1517 398 1543 12.
419 1518 529 1555 super
550 1507 643 1543 Gen.
666 1507 712 1542 ad
734 1507 878 1542 literam
900 1507 990 1555 (cap.
1006 1520 1051 1555 33.
1074 1509 1135 1543 cir.
1149 1509 1253 1555 fin.):
1275 1510 1380 1554 Jacob
1407 1510 1467 1545 boc
1494 1512 1637 1546 timuisse

53 1562 197 1605 videtur,
218 1575 260 1598 ne
279 1563 388 1597 nimia
409 1563 545 1598 tristitia
564 1563 611 1598 sic
624 1563 895 1610 perturbaretur,
919 1567 955 1597 ut
974 1574 1041 1597 non
1062 1562 1105 1597 ad
1126 1565 1273 1609 requiem
1296 1564 1467 1599 beatorum
1489 1565 1565 1609 iret,
1585 1565 1638 1600 sed

5 1642 23 1654 .-
53 1616 99 1654 ad
116 1617 240 1665 inferos
253 1621 488 1664 μεσαῖον-ψη
512 1627 603 1663 ergo
624 1616 768 1651 tristitia
789 1627 865 1651 non
883 1616 995 1652 habet
1015 1617 1197 1652 rationem
1218 1617 1305 1652 boni
1327 1618 1484 1653 honesti.

125 1681 159 1707 2.
180 1670 420 1707 Prummu.
443 1670 590 1706 Bonum
610 1671 811 1706 honesturn
831 1671 943 1706 habet
963 1671 1145 1706 rationem
1166 1670 1370 1716 laudabilis,
1392 1681 1427 1708 et
1442 1673 1636 1709 meritorii:

53 1725 119 1762 sed
130 1725 275 1762 tristitia
284 1724 456 1760 diminuit
467 1725 651 1760 rationem
664 1725 795 1769 laudis,
809 1734 846 1761 et
859 1725 996 1761 meriti:
1013 1726 1100 1761 dicit
1114 1727 1213 1761 enim
1227 1727 1357 1774 Apost.
1373 1738 1405 1762 2.
1421 1728 1466 1762 ad
1481 1728 1569 1764 Cor.
1584 1740 1636 1776 9.:

7 1810 13 1813 r
60 1781 301 1828 Unusquisque,
317 1784 423 1827 prout
442 1779 621 1815 destinavit
643 1781 677 1814 in
699 1780 795 1816 corde
814 1792 886 1824 suo,
905 1792 971 1815 non
985 1792 1025 1816 ex
1038 1782 1186 1823 tristitia,
1206 1787 1266 1817 aut
1278 1794 1318 1817 ex
1329 1784 1513 1818 necessitate
1519 1796 1532 1824 ;
1549 1794 1637 1830 ergo

53 1834 199 1871 tristitia
218 1845 295 1869 non
316 1841 371 1869 est
389 1833 531 1869 bonurn
550 1834 761 1870 honesturn.

129 1899 160 1936 3.
181 1888 422 1924 PRAETEREA.
445 1887 549 1923 Sicut
565 1889 721 1935 August.
736 1888 823 1924 dicit
842 1898 894 1932 14.
909 1888 954 1923 de
969 1888 1051 1924 Civ.
1070 1888 1141 1923 Dei
1157 1889 1246 1937 (cap.
1261 1901 1306 1936 15.
1317 1897 1445 1938 parum
1459 1897 1533 1927 ante
1545 1892 1637 1938 fin.):

60 1943 215 1979 Tristitia
234 1947 279 1978 est
298 1941 336 1978 de
356 1942 418 1985 his,
439 1954 524 1989 quae
543 1944 636 1978 nobis
656 1943 840 1978 nolentibus
861 1943 1035 1978 accidunt:
1059 1944 1121 1978 sed
1143 1955 1219 1979 non
1239 1944 1335 1979 velle
1357 1956 1411 1988 ea,
1433 1957 1526 1993 quae
1540 1958 1639 1993 prae-

52 1996 252 2034 sentialiter
263 1995 366 2039 fiunt,
380 2004 435 2031 est
446 1996 582 2032 habere
600 1996 830 2032 voluntatem
845 2006 1110 2044 repugnantem
1125 1998 1346 2035 ordinationi
1360 2000 1517 2044 divinae,
1535 2002 1638 2047 cujus

54 2050 305 2100 providentiae
325 2050 516 2097 subjacent
532 2051 670 2094 omnia,
685 2063 778 2098 quae
794 2059 967 2098 aguntur;
983 2063 1084 2099 erg0,
1100 2064 1184 2087 cum
1200 2052 1439 2090 conformitas
1453 2055 1638 2091 humanae

52 2104 253 2141 voluntatis
274 2103 320 2140 ad
340 2104 504 2139 divinam
525 2105 706 2152 pertineat
727 2106 771 2140 ad
793 2106 1048 2141 rectitudinem
1070 2106 1280 2150 voluntatis,
1302 2116 1341 2143 ut
1366 2120 1473 2156 supra
1499 2110 1638 2145 dictum

21 2159 28 2166 '
54 2166 111 2195 est
130 2158 176 2206 (q.
197 2171 251 2207 19.
272 2163 339 2194 art.
360 2160 443 2206 10.),
465 2159 620 2202 videtur,
642 2159 741 2206 quod
762 2160 906 2195 tristitia
928 2161 1169 2196 contrarietur
1190 2163 1397 2198 rectitudini
1422 2163 1638 2207 voluntatis3

23 2235 27 2244 .
54 2220 92 2249 et
109 2213 162 2249 sic
182 2224 259 2249 non
278 2213 414 2248 habeat
433 2213 616 2248 rationem
637 2214 794 2249 honesti.

29 2304 33 2311 ,
128 2266 206 2303 SED
227 2277 396 2304 CONTRA.
412 2267 550 2310 Omne,
577 2267 676 2314 quod
701 2276 864 2303 meretur
890 2269 1095 2315 praemium
1122 2269 1218 2305 vitae
1245 2278 1425 2314 aeternae,
1452 2272 1562 2308 habet
1587 2285 1639 2308 ra-

21 2315 33 2355 '.·
52 2320 196 2358 tionem
205 2321 353 2358 honesti
363 2333 372 2356 ι
382 2321 446 2357 sed
455 2321 598 2357 tristitia
613 2330 667 2357 est
675 2322 900 2369 hujusmodi,
912 2331 951 2358 ut
959 2324 1171 2370 patetperid
1186 2325 1285 2371 quod
1300 2325 1432 2360 dicitur
1445 2326 1574 2362 Matth.
1590 2338 1636 2372 5.:

52 2370 162 2420 Beati,
182 2376 241 2423 qui
257 2376 378 2423 lugent,
393 2377 554 2423 quoniam
568 2377 632 2424 ipsi
645 2377 904 2412 consolabuntur
911 2389 924 2419 ‚·
940 2389 1029 2423 ergo
1044 2378 1187 2413 tristitia
1201 2387 1255 2414 est
1273 2379 1412 2415 bonum
1426 2381 1636 2417 honestum.

127 2428 360 2466 RESPONDEO
382 2430 591 2473 dicendum,
614 2431 713 2477 quod
738 2431 941 2466 secundum
967 2431 1070 2466 illam
1097 2433 1290 2476 rationem,
1317 2446 1388 2481 qua
1415 2436 1558 2470 tristitia
1585 2445 1639 2472 est

53 2482 207 2527 honum,
227 2491 348 2532 potest
368 2495 448 2520 esse
472 2484 613 2519 bonum
639 2484 855 2520 honesturn:
883 2486 1022 2521 dictum
1049 2495 1103 2522 est
1129 2488 1228 2522 enirn
1256 2488 1337 2532 (art.
1362 2491 1509 2536 praec),
1538 2490 1637 2537 quod

16 2481 199 2574 iustitia
218 2545 274 2574 est
292 2538 434 2574 bonum
456 2539 659 2574 secundum
681 2541 914 2585 cognitionem,
938 2548 973 2575 et
995 2543 1233 2577 recusationem
1255 2542 1360 2577 mali:
1381 2555 1473 2590 quae
1488 2544 1636 2590 quidem

18 2580 119 2653 §aa
140 2592 177 2627 in
197 2590 329 2628 dolore
350 2592 535 2640 corporali
556 2601 770 2628 attestantur
790 2594 944 2629 bonitati
966 2603 1129 2638 naturae,
1158 2607 1200 2631 ex
1230 2608 1301 2643 qua
1331 2598 1510 2644 provenit,
1538 2599 1637 2645 quod

12 2647 183 2692 ’,θ-ωας
202 2648 322 2691 sentit,
343 2656 380 2683 et
399 2656 529 2683 natura
549 2647 683 2695 refugit
704 2648 894 2692 laesivum,
917 2650 1014 2696 qnod
1037 2659 1162 2685 causat
1189 2651 1376 2686 dolorem:
1407 2653 1443 2686 in
1473 2653 1637 2687 interiori

22 2693 145 2739 ''fvem
163 2701 307 2737 tristitia
328 2702 492 2749 cognitio
515 2701 603 2737 mali
624 2704 844 2750 quandoque
866 2704 1014 2750 quidem
1042 2713 1096 2739 est
1122 2716 1185 2752 per
1211 2714 1352 2740 rectum
1380 2707 1557 2751 judicium
1586 2719 1638 2741 ra-

50 2754 177 2799 ionis,
208 2763 246 2791 et
276 2757 458 2792 recusatio
485 2756 573 2791 mali
598 2765 652 2792 est
677 2768 742 2803 per
767 2757 995 2793 voluntatem
1027 2759 1119 2793 bene
1154 2759 1367 2806 dispositam
1395 2761 1636 2796 detestantem

20 2775 208 2915 Qum.
230 2809 355 2846 Omne
377 2819 501 2845 autem
522 2811 661 2845 bonum
683 2811 880 2846 honesturn
903 2825 946 2847 ex
975 2813 1029 2847 his
1055 2813 1197 2848 duobus
1224 2814 1401 2860 procedit,
1428 2815 1567 2850 scilicet
1593 2828 1636 2850 ex

59 2902 62 2907 .
133 2862 272 2899 'tudine
292 2864 456 2907 rationis,
477 2873 514 2900 et
533 2864 750 2900 voluntatis:
774 2866 869 2901 unde
892 2866 1128 2902 manifestum
1151 2876 1216 2909 est,
1239 2868 1338 2915 quod
1361 2869 1502 2903 tristitia
1517 2878 1637 2916 potest

19 2898 192 2974 *Quinte
210 2917 394 2954 rationem
413 2918 502 2954 boni
521 2918 679 2954 honesti.

13 2976 113 3198 i.
