1907 3198
514 223 734 260 Qun-:sno
768 223 913 253 Lxxx1.
943 222 1186 254 ARTICULUS
1220 223 1245 253 1.
1577 212 1658 269 583

96 304 224 342 tionali
244 313 344 354 parte
367 306 522 348 animae,
544 317 636 353 quae
658 305 736 341 sola
759 314 876 354 potest
897 317 975 341 csse
997 317 1104 341 causa
1127 306 1286 353 peccati;
1307 316 1395 352 ergo
1417 305 1557 341 nullum
1584 318 1665 354 pec-

97 367 219 403 catum
240 366 359 408 potest
375 359 469 394 trahi
490 371 554 407 per
575 359 766 407 originem.

166 422 201 458 4.
224 412 462 449 PRAETEREA.
483 412 595 455 Quod
618 422 671 449 est
685 413 877 460 perfectius
891 414 927 448 in
942 422 1081 455 natura,
1103 413 1297 448 virtuosius
1319 421 1372 448 est
1394 413 1437 448 ad
1461 413 1664 460 agendum:

95 465 160 503 sed
175 477 261 502 caro
274 464 433 515 perfecta
446 477 519 502 non
538 475 656 514 potest
676 467 822 503 inficere
845 467 1005 502 animam
1020 466 1087 501 sibi
1100 468 1258 509 unitam3
1281 465 1440 514 alioquin
1456 467 1577 502 anima
1591 479 1665 503 non

95 527 219 569 posset
239 520 428 556 emundari
451 531 470 555 a
493 520 598 568 culpa
624 521 804 567 originali,
834 521 920 556 dum
943 529 997 556 est
1023 520 1122 556 carni
1152 521 1270 564 unita3
1293 532 1380 568 ergo
1403 520 1518 556 multo
1546 522 1666 558 minus

95 584 222 610 semen
242 581 363 622 potest
383 573 529 609 inficere
551 575 724 609 animam.

175 637 205 675 5.
221 626 461 663 PRAETEREA.
485 627 623 664 Philos.
645 628 732 663 dicit
755 630 789 662 in
815 640 843 675 3.
867 628 948 663 Eth.
973 627 1062 676 (cap.
1086 640 1115 675 5.
1137 640 1156 662 α
1180 627 1292 671 med),
1320 628 1417 674 quod
1440 636 1587 675 propter
1609 640 1669 664 na-

97 689 216 717 turam
237 687 360 729 turpes
381 680 502 716 nullus
524 681 697 729 increpat,
717 682 778 717 sed
801 693 876 724 cos,
890 682 950 729 qui
966 690 1111 729 propter
1126 681 1314 724 desidiam,
1329 690 1363 716 et
1385 681 1665 728 negligentiam:

97 734 266 771 dicuntur
286 742 408 770 autem
430 739 553 770 natura
573 740 689 782 turpes,
716 736 776 782 qui
798 735 932 770 habent
953 735 1212 783 turpitudinem
1234 746 1276 770 ex
1298 746 1363 770 sua
1389 735 1550 782 origine;
1578 747 1666 783 ergo

95 786 199 832 nihil,
220 787 317 836 quod
339 795 394 823 est
414 800 477 835 per
498 789 691 835 originem,
713 796 767 824 est
785 789 1016 836 increpabilc,
1037 800 1154 836 neque
1176 797 1379 836 peccatum.

169 840 245 878 SED
266 851 423 878 CONTRA
445 849 510 884 est,
532 842 630 889 quod
654 843 782 890 Apost.
805 843 889 878 dicit
912 843 1019 878 Rom.
1041 853 1087 887 5.:
1112 843 1175 878 Per
1193 855 1294 877 unum
1316 843 1478 877 hominem
1494 848 1665 890 peccatum

99 895 135 931 in
152 895 239 932 hunc
260 894 419 931 mundum
443 897 603 932 intravit:
622 896 718 943 quod
741 907 814 931 non
838 904 956 944 potest
977 895 1130 942 intelligi
1144 902 1204 943 per
1226 896 1357 931 niodum
1381 897 1587 940 imitationis,
1608 896 1667 932 vel

98 949 318 992 incitationis,
339 957 488 997 propter
507 949 579 985 hoc
602 950 700 997 quod
722 950 852 985 dicitur
873 950 957 998 Sap.
982 960 1032 986 2.:
1055 949 1187 985 Ine-Idm
1210 949 1335 985 diaboli
1356 961 1444 985 mors
1465 951 1607 985 intravit
1631 951 1666 985 in

96 1003 209 1039 orbem
234 1006 426 1046 terrarum
449 1010 559 1039 restat
583 1014 684 1052 ergo,
706 1003 803 1051 quod
826 1015 889 1052 per
910 1003 1090 1051 originem
1118 1015 1138 1038 a
1160 1005 1278 1051 primo
1300 1004 1451 1039 homine
1474 1012 1666 1051 peccatum

96 1055 135 1093 in
156 1055 336 1092 mundum
356 1056 511 1092 intravit.

166 1109 399 1147 Rnsrounzo
421 1110 628 1154 dicendum,
655 1111 752 1159 quod
774 1111 975 1146 secundum
998 1111 1106 1146 fidem
1134 1111 1354 1147 catholicam
1377 1120 1431 1147 est
1456 1112 1667 1156 tenendum,

97 1163 195 1213 quod
216 1164 376 1212 primum
390 1172 581 1212 peccatum
597 1165 702 1212 primi
716 1165 877 1200 hominis
893 1165 1116 1212 originaliter
1129 1167 1257 1200 transit
1271 1165 1305 1200 in
1321 1174 1504 1213 posteros:
1521 1174 1668 1213 propter

96 1217 194 1266 quod
216 1217 326 1254 etiam
347 1218 449 1266 pueri
475 1229 562 1253 mox
589 1219 664 1254 nati
694 1218 903 1254 deferuntur
929 1219 972 1254 ad
1000 1219 1234 1266 baptismum,
1260 1228 1447 1266 tamquam
1476 1220 1518 1254 ab
1547 1219 1667 1267 aliqua

95 1270 294 1308 infectione
323 1271 452 1320 culpae
483 1271 662 1308 abluendi.
692 1271 928 1308 Contrarium
957 1280 1078 1307 autem
1110 1281 1164 1308 est
1189 1273 1349 1308 haeresis
1371 1272 1602 1320 Pelagianae,
1630 1282 1668 1309 ut

96 1333 196 1374 patet
215 1337 281 1374 per
299 1325 547 1374 Augustinutn
569 1326 606 1361 in
627 1325 792 1374 plurimis
810 1326 884 1362 suis
905 1326 1004 1361 libris
1025 1328 1075 1373 (ut
1096 1327 1152 1362 lib.
1175 1339 1202 1362 1.
1227 1328 1372 1363 Rctract.
1395 1334 1468 1375 cup.
1491 1340 1523 1375 9.
1545 1328 1589 1363 ad
1600 1329 1664 1375 fin.

97 1385 128 1417 el
147 1380 255 1417 lande
275 1380 443 1417 Peccator.
466 1380 581 1416 Merit.
595 1386 626 1417 et
643 1381 762 1417 Remis.
781 1387 855 1429 cap.
875 1393 907 1428 9.
929 1385 958 1416 et
975 1381 1032 1416 lib.
1054 1393 1082 1416 ι.
1097 1386 1214 1416 contra
1230 1381 1360 1426 Julian.
1379 1387 1453 1429 cap.
1471 1393 1500 1428 3.
1515 1387 1544 1417 cl
1561 1382 1618 1417 lib.
1633 1394 1661 1429 3.

97 1441 173 1484 cap.
192 1446 221 1471 ι.
238 1439 270 1471 et
288 1434 346 1470 lib.
367 1433 404 1470 de
424 1434 525 1470 Dono
537 1434 705 1471 Persa'er.
724 1441 797 1483 cap.
820 1447 866 1471 ιι.
886 1439 914 1470 el
934 1434 1014 1480 12.).
1034 1434 1091 1469 Ad
1113 1434 1406 1481 investigandum
1429 1443 1562 1478 autem,
1581 1447 1666 1483 qua-

97 1487 179 1524 liter
198 1495 391 1537 peccatum
411 1487 519 1536 primi
539 1487 698 1536 parentis
719 1487 945 1535 originaliter
966 1488 1081 1535 possit
1100 1489 1251 1523 transire
1278 1489 1314 1523 in
1339 1497 1518 1536 posteros,
1543 1489 1667 1525 diversi

97 1541 249 1579 diversis
262 1541 329 1578 viis
343 1549 608 1590 processerunt.
625 1541 775 1588 Quidam
790 1542 889 1578 enim
904 1541 1292 1589 considerantes,quod
1309 1542 1448 1589 peccati
1463 1543 1666 1588 subjectum

95 1604 152 1632 est
171 1595 293 1632 anima
314 1595 513 1640 rationalis,
534 1604 733 1644 posuerunt
753 1596 851 1643 quod
873 1607 957 1631 cum
979 1595 1118 1631 semine
1141 1596 1327 1631 rationalis
1354 1596 1475 1631 anima
1502 1597 1665 1632 traduca-

93 1658 172 1695 tur;
192 1659 232 1686 ut
250 1649 302 1686 sic
320 1660 364 1685 ex
385 1648 517 1686 infecta
535 1649 657 1685 anima
674 1649 828 1685 infectae
844 1650 988 1685 animae
1006 1649 1160 1684 derivari
1175 1649 1374 1684 videantur.
1396 1650 1469 1686 Alii
1489 1661 1576 1685 vero
1591 1651 1663 1686 hoc

95 1703 325 1752 repudiantes
340 1711 530 1751 tamquam
551 1715 758 1746 erroneum,
780 1704 901 1739 conati
922 1710 1010 1738 'sunt
1028 1703 1230 1747 ostendere,
1252 1704 1442 1751 quomodo
1464 1704 1570 1752 culpa
1593 1705 1663 1740 ani-

95 1769 178 1794 mae
198 1757 356 1806 parentis
381 1757 579 1793 traducitur
605 1757 640 1792 in
667 1757 821 1804 prolem,
843 1757 986 1793 etiamsi
1008 1759 1129 1792 anima
1155 1768 1229 1792 non
1256 1758 1475 1800 traducatur,
1503 1770 1567 1805 per
1591 1758 1664 1793 hoc

95 1811 193 1860 quod
214 1811 378 1859 corporis
398 1809 560 1846 defectus
585 1811 821 1846 traducuntur
844 1823 863 1846 a
884 1819 1032 1858 parente
1054 1811 1090 1845 in
1117 1810 1277 1858 prolem:
1305 1811 1398 1846 sicut
1418 1811 1583 1858 leprosus
1605 1824 1664 1858 ge-

93 1873 198 1902 uerat
224 1864 423 1913 leprosum,
450 1872 486 1900 et
505 1864 724 1912 podagricus
753 1865 1006 1912 podagricum,
1032 1872 1179 1912 propter
1206 1864 1364 1912 aliquam
1393 1865 1664 1913 corruptionem

93 1918 254 1962 seminiS,
267 1918 353 1954 licet
364 1917 446 1954 talis
460 1918 644 1966 corruptio
659 1930 732 1953 non
747 1919 887 1954 dicatur
900 1917 1010 1966 lepra,
1024 1918 1083 1953 vel
1094 1918 1266 1965 podagra.
1280 1918 1377 1954 Cum
1393 1927 1515 1954 autem
1532 1931 1665 1967 corpus

94 1971 140 2008 sit
159 1972 475 2021 proportionatum
496 1972 652 2015 animae,
667 1980 702 2007 et
716 1971 876 2007 defectus
891 1973 1034 2007 animae
1050 1971 1250 2007 redundent
1271 1972 1306 2006 in
1325 1984 1468 2020 corpu3‚
1491 1981 1525 2008 et
1547 1984 1566 2008 e
1582 1985 1667 2008 con·

94 2036 214 2070 verso,
235 2025 345 2062 simili
359 2025 472 2062 modo
490 2026 624 2068 dicunt,
639 2026 736 2073 quod
759 2025 946 2073 culpabilis
968 2025 1129 2061 desectus
1151 2026 1295 2061 animae
1314 2037 1377 2073 per
1397 2027 1662 2062 traductionem

95 2079 245 2116 seminis
264 2079 301 2115 in
319 2078 459 2128 prolem
479 2080 698 2123 derivantur,
724 2080 891 2127 quamvis
912 2091 1037 2116 semen
1063 2079 1251 2115 actualiter
1271 2091 1345 2115 non
1368 2080 1412 2115 sit
1438 2081 1565 2129 culpae
1588 2082 1666 2116 sub·

96 2133 244 2182 iectum.

168 2187 241 2224 Sed
261 2198 391 2224 omnes
410 2187 622 2235 hujusmodi
643 2187 722 2222 viae
744 2186 1000 2222 insufficientes
1020 2195 1122 2231 sunt;
1145 2187 1226 2235 quia
1246 2188 1331 2223 dato
1352 2188 1450 2235 quod
1474 2188 1584 2236 aliqui
1607 2189 1665 2224 de·

95 2239 211 2278 sectus
232 2240 442 2290 corporales
465 2253 484 2276 a
506 2249 652 2290 parente
671 2249 855 2276 transeant
870 2241 905 2275 in
920 2240 1059 2288 prolem
1080 2253 1143 2288 per
1161 2241 1353 2288 originem,
1369 2250 1403 2276 et
1418 2243 1529 2277 etiam
1553 2242 1662 2290 aliqui

96 2293 258 2331 desectus
279 2294 422 2331 animae
436 2306 479 2331 ex
493 2295 728 2342 consequenti
751 2303 896 2342 propter
919 2295 1080 2342 corporis
1096 2295 1410 2342 indispositionem
1435 2297 1545 2341 (sicut
1561 2297 1663 2331 inter-

97 2348 184 2384 dum
198 2360 241 2385 ex
262 2347 369 2384 fatuis
382 2347 470 2385 fatui
484 2350 717 2396 generantur)
733 2357 854 2384 tamen
875 2348 943 2383 hoc
968 2349 1084 2396 ipsum
1099 2349 1195 2396 quod
1215 2358 1268 2384 est
1286 2362 1326 2384 ex
1347 2349 1486 2395 origine
1504 2349 1661 2397 aliquem

96 2400 279 2439 desectum
300 2402 446 2446 habere,
471 2403 611 2438 videtur
637 2402 826 2438 excludere
853 2402 1031 2438 rationem
1059 2403 1198 2450 culpae,
1226 2403 1269 2438 dc
1298 2404 1398 2448 cujus
1427 2404 1565 2439 ratione
1598 2413 1662 2445 est,

96 2455 193 2503 quod
210 2455 256 2492 sit
275 2455 498 2499 voluntaria3
520 2456 614 2492 unde
640 2457 749 2491 etiam
776 2456 896 2503 posito
922 2456 1018 2503 quod
1045 2456 1166 2491 anima
1193 2456 1380 2491 rationalis
1403 2457 1661 2499 traduceretur,

97 2520 140 2545 ex
159 2509 232 2546 hoc
254 2509 334 2558 ipso
355 2510 452 2558 quod
474 2509 623 2546 infectio
645 2510 788 2545 animae
811 2509 920 2558 prolis
942 2521 1015 2545 non
1035 2519 1128 2545 esset
1149 2510 1184 2545 in
1204 2511 1280 2556 ejus
1299 2510 1498 2553 voluntate,
1522 2511 1662 2545 ammit-

96 2570 189 2600 teret
204 2563 383 2600 rationem
397 2563 524 2612 culpae
543 2563 735 2610 obligantis
751 2563 793 2598 ad
808 2575 984 2611 poenam:
1000 2563 1095 2611 quia,
1107 2572 1143 2599 ut
1155 2564 1290 2599 Philos.
1306 2564 1392 2599 dIcit
1407 2565 1441 2599 in
1458 2576 1484 2610 3.
1501 2564 1662 2600 Ethicor.

97 2616 188 2667 (cap.
209 2628 239 2665 5.
265 2629 287 2654 a
311 2617 431 2665 med.),·
459 2617 580 2653 nullus
602 2617 859 2665 improperabit
881 2628 991 2653 caeco
1019 2626 1116 2659 nato,
1141 2618 1201 2653 sed
1223 2618 1338 2664 magis
1358 2618 1595 2653 miserebitur.
1620 2618 1663 2654 Et

96 2669 180 2707 ideo
202 2670 272 2707 alia
292 2671 350 2706 via
371 2671 643 2719 procedendum
662 2679 727 2713 est,
745 2671 899 2706 dicendo
918 2672 1015 2719 quod
1034 2683 1163 2707 omnes
1181 2671 1362 2713 homines,
1385 2672 1444 2719 qui
1468 2680 1663 2707 nascuntur

97 2734 141 2760 ex
161 2723 294 2768 Adam,
319 2733 472 2772 possunt
497 2724 718 2760 considerari
741 2733 778 2760 ut
799 2736 890 2760 unus
911 2725 1039 2767 homo,
1062 2726 1274 2772 inquantum
1299 2726 1520 2760 conveniunt
1543 2726 1577 2760 in
1600 2737 1661 2760 na·

74 2802 75 2807 η
96 2783 189 2822 tura,
209 2789 319 2826 quam
342 2789 361 2813 a
388 2778 506 2826 primo
528 2787 674 2826 parente
705 2778 904 2825 accipiunt:
932 2779 1132 2814 secundum
1155 2780 1250 2826 quoti
1284 2779 1317 2813 in
1343 2779 1506 2813 cix-ilibus
1534 2791 1662 2814 omnes

96 2829 279 2875 homines,
291 2831 351 2880 qui
373 2840 456 2867 sunt
469 2831 573 2868 unius
595 2833 878 2875 communitatis,
893 2842 1102 2881 reputantur
1123 2833 1224 2880 quasi
1240 2845 1351 2867 unum
1372 2845 1519 2880 corpus;
1538 2842 1661 2869 ettota

98 2885 344 2922 communitas
368 2885 471 2934 quasi
492 2896 584 2921 unus
605 2885 739 2921 homo:
767 2886 858 2921 sicut
885 2886 993 2922 etiam
1018 2886 1239 2934 Porphyrius
1262 2886 1347 2921 dicit
1368 2887 1457 2935 (rap.
1480 2887 1515 2922 dc
1537 2888 1661 2935 Specie,

86 2937 178 2976 rein.
200 2937 314 2987 med),
333 2938 430 2987 quod
452 2939 726 2987 participatione
749 2939 880 2987 speciei
902 2939 1021 2987 plures
1043 2940 1210 2975 homines
1236 2949 1316 2975 sunt
1337 2952 1427 2975 unus
1449 2941 1583 2977 homo:
1609 2941 1659 2976 sic
