1875 3198
208 187 294 229 816
626 199 846 234 QUAESTIO
882 198 984 228 CVII.
1020 197 1261 228 ARTICULUS
1294 197 1350 226 IV.

753 368 1095 413 ARTICULUS
1144 369 1220 411 IV.
1703 390 1764 426 571

449 479 601 508 UTRUM
628 478 711 506 LEX
732 477 854 507 NOVA
887 477 954 506 SIT
982 477 1186 516 GRAVIOR,
1217 477 1341 512 QUAM
1366 476 1521 505 VETUS.

349 561 389 607 (3.
414 562 503 596 Dist.
524 572 580 606 40.
603 573 633 607 q.
657 572 689 605 4.
712 565 775 594 art.
794 571 826 604 4.
849 565 879 594 et
901 559 1022 604 Quodl.
1044 570 1077 604 4.
1100 564 1163 594 art.
1186 571 1228 605 13.
1252 564 1340 604 corp.
1362 562 1392 592 et
1413 557 1533 592 Matth.
1556 558 1614 604 1.).

277 643 337 677 AD
353 653 539 681 QUARTUM
556 643 604 677 sic
627 642 842 688 proceditur.
865 641 1028 684 Videtur,
1050 641 1146 687 quod
1168 641 1226 675 lex
1239 651 1335 674 nova
1354 640 1399 674 sit
1419 640 1574 686 gravior,
1589 651 1698 686 quarn
1713 639 1771 675 lex

206 704 319 730 vetus.
342 696 468 730 Matth.
492 696 588 730 enim
615 706 642 740 ς.
665 707 769 741 super
790 694 894 729 illud:
919 696 990 739 Qui
1009 695 1146 730 solverit
1166 706 1270 729 unum
1291 694 1327 728 de
1345 693 1511 728 mandatis
1531 694 1580 728 his
1604 695 1767 736 minimis,

208 750 294 783 dicit
316 749 504 795 Chrysost.
529 749 632 793 (bom.
654 748 750 793 10.):
773 748 938 783 Mandata
960 749 1068 794 Moysi
1088 750 1123 782 in
1138 753 1215 782 acta
1228 747 1353 793 facilia
1371 752 1466 788 sunt;
1489 752 1546 782 ut:
1568 747 1654 781 Non
1675 747 1771 781 occi-

208 804 281 844 des,
295 803 380 836 Non
403 802 637 836 adulterabis:
655 802 820 836 Mandata
837 802 960 837 Christi
975 807 1085 836 autem
1098 814 1110 842 ;
1133 802 1274 836 scilicet:
1289 800 1374 835 Non
1392 800 1569 842 irascaris,
1590 800 1676 835 Non
1691 812 1774 835 con-

208 856 382 902 cupiscas,
404 857 438 889 in
461 861 537 890 acta
558 855 706 902 difficilia
726 860 821 896 sitnm
846 866 934 901 ergo
956 854 1013 889 lex
1033 866 1129 889 nova
1152 863 1205 889 est
1226 854 1381 900 gravior,
1404 865 1514 900 quam
1535 861 1650 888 vetus.

279 920 310 944 2.
333 909 569 944 PRAETEREA.
599 909 754 943 Facilius
782 917 836 943 est
856 916 998 943 terrena
1025 908 1262 955 prosperitate
1291 907 1354 950 uti,
1385 919 1496 954 quarn
1524 906 1773 942 tribulationes

207 963 359 1009 perpeti:
382 963 443 996 sed
470 963 506 996 in
527 964 637 997 veteri
659 970 878 997 testamento
902 962 1193 996 observationem
1216 961 1346 995 veteris
1372 961 1462 1006 legis
1485 961 1774 1007 consequebatur

208 1017 423 1062 prosperitas
449 1015 671 1062 temporalis,
702 1024 740 1050 ut
766 1024 863 1062 patet
884 1016 991 1049 Deut.
1015 1015 1096 1050 28.:
1119 1015 1370 1049 observatores
1396 1022 1519 1049 autern
1544 1025 1662 1049 novae
1684 1014 1774 1061 legis

208 1069 439 1115 consequitur
460 1069 647 1115 multiplex
670 1069 877 1111 adversitas,
898 1077 1005 1115 prout
1027 1069 1156 1103 dicitur
1175 1079 1206 1102 2.
1222 1069 1265 1102 ad
1281 1068 1367 1102 Cor.
1390 1067 1443 1103 6.:
1466 1068 1689 1103 Exhibeamus
1706 1080 1776 1103 nos-

207 1125 359 1170 metipsos
378 1125 461 1157 sicat
479 1124 545 1158 Dei
562 1124 728 1158 ministros
749 1124 783 1157 in
799 1123 904 1157 malta
919 1124 1098 1169 patientia,
1118 1123 1153 1156 in
1171 1122 1452 1164 tribulationibus,
1469 1123 1504 1156 in
1522 1123 1773 1164 necessitatibus,

207 1178 242 1211 ia
268 1178 436 1222 angustiis,
460 1184 547 1218 etc.;
571 1187 657 1222 ergo
679 1176 736 1210 lex
757 1187 853 1210 nova
880 1184 932 1211 est
954 1176 1110 1222 gravior,
1132 1187 1243 1222 quam
1264 1175 1321 1210 lex
1341 1183 1455 1210 vetus.

282 1242 310 1276 3.
338 1230 574 1264 PRAETEREA.
599 1230 709 1271 Quod
733 1241 770 1264 se
791 1230 900 1264 habet
922 1241 963 1264 ex
986 1229 1168 1264 additione
1191 1229 1234 1262 ad
1258 1228 1423 1271 alterurn,
1444 1228 1586 1263 videtur
1607 1240 1684 1263 esse
1706 1227 1769 1263 dif-

209 1283 355 1326 ficilius3
379 1284 439 1318 sed
462 1283 518 1317 lex
539 1295 635 1318 nova
657 1295 694 1318 se
715 1284 825 1318 habet
846 1295 888 1318 ex
910 1283 1093 1318 additione
1116 1283 1159 1317 ad
1181 1291 1362 1318 veterem:
1383 1293 1470 1316 nam
1491 1281 1549 1317 lex
1570 1289 1672 1317 vetus
1694 1293 1773 1328 pro-

209 1337 324 1371 hibuit
345 1337 553 1383 perjurium,
575 1337 632 1371 lex
654 1348 749 1371 nova
773 1337 882 1371 etiam
902 1338 1168 1383 juramentum:
1191 1335 1248 1370 lex
1265 1344 1368 1370 vetus
1387 1336 1570 1382 prohibuit
1589 1336 1777 1370 dissidium

210 1391 330 1425 uxoris
352 1391 428 1425 sine
451 1390 573 1425 libello
595 1391 745 1437 repudii,
768 1390 824 1424 lex
847 1398 969 1425 autem
998 1402 1093 1424 nova
1128 1390 1280 1424 omnino
1314 1390 1502 1424 dissidium
1523 1390 1717 1436 prohibuit,
1739 1397 1778 1424 ut

209 1453 307 1491 patet
321 1445 447 1479 Matth.
468 1455 495 1489 5.
510 1445 709 1478 secundum
726 1445 991 1491 expositionem
1010 1445 1164 1490 August.
1182 1442 1254 1488 (lib.
1269 1457 1296 1479 I.
1311 1444 1347 1479 de
1363 1444 1468 1479 Serm.
1484 1444 1587 1478 Dom.
1602 1445 1638 1478 in
1652 1449 1774 1487 monte,

210 1505 281 1546 cap.
304 1498 387 1543 14.);
412 1509 498 1544 ergo
520 1498 576 1532 lex
597 1509 693 1532 nova
715 1506 767 1532 est
788 1499 944 1543 gravior,
967 1509 1075 1544 quam
1093 1506 1206 1532 vetus.

282 1552 357 1586 SED
381 1562 536 1586 CONTRA
558 1559 621 1594 est,
644 1551 741 1597 quod
776 1552 904 1586 dicitur
938 1551 1066 1586 Matth.
1093 1562 1161 1585 11.:
1201 1551 1311 1586 Venite
1337 1551 1380 1585 ad
1399 1563 1449 1586 me
1470 1562 1590 1593 omnes,
1612 1551 1671 1596 qui
1691 1550 1780 1585 labo-

209 1607 303 1647 ratis,
327 1611 356 1640 et
377 1607 504 1640 onerati
525 1607 618 1640 estis:
641 1605 737 1651 quod
769 1616 951 1652 exponens
986 1604 1144 1639 Hilarius
1169 1604 1258 1648 (can.
1279 1617 1325 1640 Il.
1344 1606 1380 1639 in
1401 1605 1538 1649 Matth.)
1560 1604 1662 1639 dicit:
1684 1605 1780 1650 Legis

210 1660 452 1706 difficultatibus
474 1659 670 1701 laborantes,
693 1664 723 1693 et
737 1661 879 1705 peccatis
894 1659 1016 1694 saeculi
1035 1663 1186 1693 oneratos
1204 1658 1246 1692 ad
1262 1670 1293 1693 se
1311 1658 1472 1693 advocat:
1491 1665 1527 1693 et
1544 1657 1778 1704 postmodum

211 1713 254 1747 de
275 1714 361 1759 jugo
384 1712 572 1757 Evangelii
594 1712 729 1747 subdit:
748 1713 872 1758 Jugam
893 1714 980 1747 enim
998 1724 1106 1746 meum
1122 1723 1224 1747 suave
1242 1717 1295 1755 est,
1316 1717 1344 1747 et
1362 1723 1443 1747 onus
1459 1724 1568 1747 meum
1585 1712 1653 1747 leve
1662 1724 1675 1753 ;
1691 1722 1778 1758 ergo

210 1767 267 1801 lex
292 1778 387 1800 nova
415 1774 467 1800 est
492 1766 616 1808 levior,
644 1777 753 1812 quam
779 1774 893 1802 vetus.

282 1820 511 1855 RESPONDEO
534 1820 739 1862 dicendum,
763 1820 859 1866 quod
880 1820 975 1853 circa
994 1830 1105 1866 opera
1117 1819 1269 1862 virtutis,
1284 1819 1328 1854 de
1343 1819 1470 1866 quibus
1484 1827 1676 1866 praecepta
1689 1818 1780 1865 legis

211 1874 350 1916 dantur,
373 1873 493 1920 duplex
515 1872 706 1907 difficultas
729 1874 863 1907 attendi
885 1881 1015 1919 potest.
1041 1874 1115 1908 Una
1129 1873 1275 1919 quidem
1291 1885 1334 1908 ex
1348 1880 1447 1919 parte
1462 1873 1681 1908 exteriorum
1699 1883 1782 1918 ope-

212 1939 303 1969 rum,
326 1939 417 1973 quae
441 1938 483 1961 ex
505 1927 631 1973 seipsis
654 1927 851 1973 quamdam
875 1926 1125 1961 difficultatem
1147 1926 1291 1969 habent,
1314 1935 1349 1961 et
1367 1927 1600 1972 gravitatem:
1621 1934 1656 1961 et
1673 1937 1782 1972 quan-

211 1990 288 2015 tum
311 1982 354 2015 ad
377 1981 448 2014 hoc
471 1980 527 2014 lex
549 1988 650 2014 vetus
674 1988 727 2014 est
749 1980 865 2014 multo
889 1981 1044 2026 gravior,
1068 1991 1177 2026 quam
1199 1991 1314 2023 nova;
1337 1981 1420 2026 quia
1450 1980 1494 2014 ad
1527 1980 1647 2027 plures
1681 1988 1780 2014 actus

213 2035 404 2069 exteriores
429 2033 612 2079 obligabat
633 2033 691 2067 lex
712 2042 813 2068 vetus
836 2034 872 2068 in
896 2034 1154 2081 multiplicibus
1177 2034 1429 2076 caeremoniis,
1451 2045 1561 2080 quam
1590 2033 1647 2068 lex
1673 2045 1781 2076 nova,

213 2100 304 2135 quae
327 2096 466 2134 praeter
487 2096 677 2134 praecepta
711 2088 801 2133 legis
834 2096 984 2122 naturae
1018 2088 1237 2134 paucissima
1270 2088 1515 2134 superaddidit
1547 2088 1583 2122 in
1617 2088 1781 2122 doctrina

215 2142 362 2184 Christi,
385 2149 419 2175 et
440 2141 724 2187 Apostolorum,
747 2141 830 2176 licet
852 2142 971 2188 aliqua
993 2142 1063 2175 sint
1084 2141 1321 2188 postmodum
1339 2141 1569 2188 superaddita
1587 2152 1629 2175 ex
1646 2141 1784 2176 institu-

213 2196 311 2230 tione
334 2203 543 2229 sanctorum
565 2195 733 2237 Patrum3
757 2195 791 2228 in
814 2196 941 2241 quibus
965 2195 1075 2230 etiam
1097 2195 1249 2241 August.
1273 2195 1359 2229 dicit
1381 2206 1458 2230 esse
1488 2195 1781 2230 moderationem

215 2249 482 2291 attendendam,
504 2260 549 2282 ne
571 2249 799 2283 conversatio
827 2249 986 2283 fidelium
1010 2260 1165 2283 onerosa
1187 2249 1372 2283 reddatur:
1392 2249 1478 2284 dicit
1495 2248 1593 2284 enim
1609 2249 1652 2283 ad
1671 2249 1784 2295 inqui-

215 2303 425 2349 quisitiones
437 2302 595 2347 Januarii
618 2302 724 2348 (epist.
744 2302 807 2347 55.)
830 2303 873 2336 de
889 2303 1115 2348 quibusdam,
1130 2302 1226 2348 quod
1242 2303 1359 2348 ipsam
1372 2302 1588 2348 religionem
1607 2310 1783 2344 nostram,

215 2368 325 2403 quam
346 2357 382 2390 in
406 2355 717 2396 manifestissimis,
741 2364 774 2389 et
789 2356 1015 2401 paucissimis
1031 2355 1317 2390 celebrationum
1332 2357 1568 2391 sacramentis
1581 2356 1651 2390 Dei
1668 2355 1784 2390 voluit

216 2410 463 2444 misericordia
487 2421 563 2443 esse
586 2408 749 2450 liberam,
772 2409 960 2443 servilibus
983 2417 1152 2456 premunt
1173 2410 1362 2452 oneribus;
1385 2410 1478 2444 adeo
1500 2417 1538 2444 ut
1558 2409 1783 2444 tolerabilior

216 2465 260 2498 sit
282 2464 442 2498 conditio
460 2463 694 2508 Judaeorum,
717 2463 777 2509 qui
794 2463 968 2508 legalibus
983 2464 1144 2506 sarcinis,
1158 2475 1232 2498 non
1247 2464 1416 2498 humanis
1431 2463 1784 2510 praesumptionibus

216 2519 462 2563 subjiciuntur.
486 2518 567 2552 Alia
590 2525 710 2551 autem
734 2516 924 2551 difficultas
948 2526 1000 2552 est
1023 2520 1117 2552 circa
1151 2529 1261 2564 opera
1294 2517 1466 2552 virtutum
1488 2517 1525 2551 in
1547 2517 1784 2552 anterioribus

218 2573 373 2613 actibus3
396 2579 478 2618 puta
501 2571 597 2617 quod
621 2571 748 2617 aliquis
771 2582 860 2616 opus
883 2571 1020 2605 virtutis
1044 2579 1210 2606 exerceat
1232 2579 1410 2617 prompte,
1441 2579 1476 2605 et
1505 2570 1782 2605 delectabiliter:

218 2634 252 2659 et
274 2626 369 2659 circa
391 2626 460 2659 hoc
484 2623 627 2658 difficile
651 2633 703 2658 est
724 2624 854 2665 virtus;
877 2624 946 2658 hoc
972 2625 1068 2659 enim
1091 2636 1164 2659 non
1187 2624 1333 2659 habenti
1348 2625 1516 2659 virtutem
1532 2632 1586 2659 est
1599 2623 1704 2658 valde
1724 2622 1786 2658 dif-

219 2678 323 2720 ficile,
346 2679 407 2712 sed
430 2690 491 2725 per
513 2679 680 2712 virtutem
704 2678 861 2711 redditur
884 2677 998 2718 facile,
1023 2686 1055 2712 et
1078 2686 1252 2723 quantum
1276 2678 1318 2712 ad
1341 2677 1412 2712 hoc
1448 2685 1637 2724 praecepta
1667 2687 1784 2711 novae

219 2733 307 2777 legis
331 2741 413 2766 sunt
435 2732 601 2775 graviora
621 2732 819 2777 praeceptis
838 2732 967 2764 veteris
988 2732 1095 2776 legis;
1115 2732 1197 2777 quia
1218 2732 1251 2765 in
1271 2743 1366 2765 nova
1384 2731 1464 2777 lege
1484 2731 1719 2777 prohibentur
1737 2730 1786 2764 in-

219 2787 368 2820 teriores
392 2795 511 2819 motus
534 2785 657 2826 animi,
679 2786 738 2831 qui
762 2796 925 2830 expresse
949 2785 982 2818 in
1007 2786 1116 2819 veteri
1140 2785 1218 2830 lege
1241 2797 1313 2819 non
1337 2785 1630 2831 prohibebantur,
1653 2784 1688 2818 in
1710 2795 1786 2818 om-

220 2840 334 2881 nibus,
357 2839 421 2873 etsi
453 2839 486 2872 in
522 2839 697 2885 aliquibus
733 2839 1018 2884 prohiberentur,
1041 2839 1074 2871 in
1107 2839 1234 2884 quibus
1267 2848 1389 2873 tamen
1412 2838 1645 2885 prohibendis
1667 2848 1784 2885 poena

222 2905 293 2926 non
323 2893 586 2938 apponebatur:
615 2893 683 2926 hoc
714 2901 833 2926 autem
861 2900 914 2926 est
939 2891 1192 2925 tlillicillimum
1221 2903 1293 2927 non
1316 2892 1461 2927 habenti
1483 2892 1672 2934 virtutem;
1694 2891 1785 2926 sicut
