1907 3198
473 206 698 244 QUAESTIO
732 205 865 236 LXXII.
899 204 1147 235 ARTICULUS
1180 203 1660 246 x'111.515

85 290 224 338 defectus
244 298 392 338 propter
412 300 597 324 recessum
620 288 662 322 ab
686 288 816 322 eadem
837 287 988 322 rationis
1012 286 1242 322 rectitudine.
1265 284 1328 320 sed
1351 284 1571 332 quandoque
1591 284 1664 326 ille,

85 344 148 393 qui
171 343 260 379 dicit
283 342 428 385 falsum,
454 342 609 377 intendit
629 341 819 376 veritatem
847 340 1053 382 occultare3
1081 339 1176 374 unde
1203 347 1378 399 quantum
1408 337 1452 372 ad
1478 338 1564 380 hoc,
1589 349 1664 372 non

85 396 194 433 refert
211 405 332 432 utrum
351 396 450 431 dicat
466 395 559 443 plus,
573 395 630 430 vel
646 395 785 429 minus:
808 395 838 429 si
851 403 977 429 tamen
992 393 1162 428 recedere
1178 405 1197 427 a
1212 393 1362 427 veritate
1377 403 1450 426 non
1465 392 1511 426 sit
1524 400 1665 438 praeter

84 451 339 493 intentionem,
359 458 445 485 tunc
473 448 707 484 manifestum
734 457 798 491 est,
821 449 918 495 quod
947 459 990 482 ex
1016 447 1075 481 div
1079 447 1167 482 ersis
1195 447 1314 481 causis
1341 445 1469 492 aliquis
1497 456 1583 480 mov
1587 454 1665 479 etur

86 504 132 541 ad
151 503 347 540 dicendum
367 503 461 551 plus,
482 502 540 537 vel
562 502 699 537 minus:
728 511 764 536 et
789 502 991 536 secundum
1014 501 1087 535 hoc
1111 500 1254 535 diversa
1280 508 1334 534 est
1360 500 1452 534 ratio
1479 498 1662 534 falsitatis:

85 557 179 594 sicut
197 566 298 606 patet
316 557 361 592 de
381 558 569 603 jactatore,
592 556 653 603 qui
675 555 927 603 superexcedit
947 555 1105 589 dicendo
1127 553 1272 596 falsum,
1294 565 1472 600 quaerens
1494 552 1664 599 gloriam,

85 620 123 649 et
141 612 186 648 de
207 612 415 660 deceptore,
435 611 497 659 qui
518 610 689 645 diminuit
709 610 867 645 evadens
894 609 1005 644 debiti
1031 608 1273 651 solutionem;
1301 608 1396 642 unde
1422 616 1457 642 et
1483 606 1664 654 quaedam

85 664 198 703 falsae
219 665 413 714 opiniones
433 672 517 700 sunt
537 664 635 699 sibi
626 663 785 699 invicem
809 672 914 698 cont
918 663 1027 698 ariae.

157 720 218 755 An
238 729 413 755 Tr-:eruu
438 717 646 760 dicendum,
672 717 770 764 quod
797 717 982 764 prodigus,
1010 725 1046 751 et
1071 715 1258 751 illiberalis
1284 723 1404 762 potest
1429 725 1508 750 esse
1535 713 1644 760 aliqu?
1649 725 1664 749 s

86 773 288 810 secundum
310 773 471 815 diversa;
497 780 536 806 ut
561 771 701 807 scilicet
725 771 773 806 sit
798 771 929 818 aliquis
955 769 1141 805 illiberalis
1166 770 1203 804 in
1229 768 1443 816 accipiendo
1470 779 1563 815 quae
1589 779 1664 802 non

86 827 205 870 debet,
225 835 262 862 et
280 826 455 874 prodigus
473 826 510 860 in
531 825 652 861 dando
673 836 767 872 quae
788 836 863 860 non
885 825 1007 860 debet:
1030 823 1122 859 nihil
1143 832 1266 859 autem
1287 823 1468 870 prohibet,
1483 822 1664 857 contraria

87 881 206 917 inesse
226 880 347 916 eidem
367 879 570 915 secundum
591 879 746 914 diversa.

654 1010 1002 1056 ARTICULUS
1037 1010 1115 1054 IX.
1600 1017 1666 1066 386

206 1120 411 1151 UTRUM
449 1121 717 1151 PECCATA
752 1118 1304 1150 DIVERSIFICENTUR
1341 1117 1546 1148 SPECIE

426 1186 668 1216 SECUNDUM
691 1185 901 1216 DIVERSAS
931 1183 1328 1216 CIRCUMSTANTIAS.

134 1273 216 1320 (2-2.
235 1285 267 1321 q.
284 1285 331 1320 53.
352 1278 418 1309 art.
439 1285 471 1310 2.
493 1273 537 1309 ad
553 1286 582 1320 3.
603 1279 635 1309 ct
655 1286 685 1320 q.
709 1285 764 1320 92.
784 1279 848 1308 art.
872 1285 902 1308 2.
926 1279 1016 1319 corp.
1039 1278 1069 1308 et
1088 1284 1120 1319 q.
1142 1272 1216 1316 148.
1241 1277 1306 1306 art.
1329 1283 1362 1315 4.
1385 1270 1428 1305 ad
1448 1283 1476 1306 1.
1499 1282 1530 1306 2.
1552 1275 1581 1306 et
1598 1282 1626 1316 3.

313 1332 388 1375 e13.
410 1328 499 1363 Dist.
517 1327 572 1375 36.
594 1332 661 1362 art.
679 1339 709 1373 5.
731 1332 760 1362 et
782 1327 867 1362 Mal.
890 1338 920 1373 q.
942 1338 975 1362 2.
997 1331 1061 1361 art.
1084 1327 1118 1361 6.
1137 1331 1166 1360 ct
1186 1338 1216 1372 q.
1236 1337 1269 1369 4.
1292 1330 1358 1360 art.
1377 1325 1436 1371 3.).

158 1415 221 1452 ΔΙ)
240 1426 383 1452 NONUM
404 1417 456 1452 sic
478 1415 696 1464 proceditur.
719 1415 884 1458 Videtur,
907 1415 1006 1462 quod
1027 1415 1127 1457 vitia,
1149 1423 1185 1449 et
1207 1422 1357 1461 peccata
1376 1413 1665 1448 diversificentur

88 1469 208 1518 specie
228 1470 430 1505 secundum
451 1470 611 1505 diversas
633 1469 938 1511 circumstantias,
960 1469 1056 1516 quia,
1078 1477 1117 1504 ut
1137 1468 1225 1503 dicit
1241 1468 1443 1514 Dionysius
1464 1478 1496 1510 4.
1521 1479 1599 1514 cap.
1622 1467 1665 1501 de

87 1522 172 1560 Div.
195 1523 309 1559 Nom.
337 1523 444 1572 (part.
465 1536 499 1570 4.
521 1523 594 1560 lect.
620 1526 705 1570 22.),
733 1523 874 1558 malum
902 1523 1084 1569 contingit
1110 1534 1152 1557 ex
1178 1521 1421 1569 singularibus
1448 1520 1664 1556 defectibus:

36 1571 289 1625 ‘singulares
310 1586 434 1613 autem
454 1577 616 1616 defectus
642 1585 727 1613 sunt
753 1577 1007 1625 corruptiones
1033 1576 1261 1623 singularum
1288 1575 1665 1617 circumstantiarum;

49 1641 178 1678 ergo
202 1642 246 1666 ex
270 1631 423 1679 singulis
449 1631 730 1667 circumstantiis
757 1631 935 1679 corruptis
961 1630 1126 1678 singulae
1152 1630 1292 1678 species
1318 1638 1555 1677 peccatorum
1583 1641 1668 1664 con-

67 1692 296 1732 sequuntur.

158 1747 191 1774 2.
211 1738 451 1775 Prummu.
472 1738 629 1774 Peccata
650 1747 734 1774 sunt
754 1739 904 1786 quidam
927 1747 1027 1774 actus
1049 1738 1222 1774 humani:
1245 1738 1307 1773 sed
1327 1747 1427 1773 actus
1445 1738 1599 1773 humani
1617 1738 1667 1772 in-

85 1791 229 1828 tei-dum
242 1792 427 1840 accipiunt
439 1793 600 1841 speciem
615 1804 634 1827 a
650 1793 944 1835 circumstantiis,
959 1800 998 1827 ut
1011 1803 1117 1839 supra
1131 1791 1297 1827 habitum
1309 1801 1363 1827 est
1377 1792 1423 1839 (q.
1435 1793 1484 1828 18.
1499 1798 1564 1826 art.
1580 1792 1664 1836 10.),·

65 1856 176 1894 ergo
196 1854 349 1894 peccata
370 1845 541 1882 differunt
565 1847 699 1894 specie,
721 1847 922 1882 secundum
949 1846 1047 1893 quod
1075 1846 1238 1881 diversae
1267 1846 1561 1881 circumstantiae
1589 1857 1666 1880 cor-

85 1907 315 1948 rumpuntur.

161 1964 192 2000 3.
213 1953 454 1990 PRAETEREA.
475 1954 652 1990 Diversae
675 1954 814 2002 species
836 1953 944 2001 gulae
971 1954 1201 2001 assignantur
1227 1954 1429 1988 secundum
1457 1953 1664 2001 particulas,

44 2016 180 2268 5quae
200 2007 238 2042 in
258 2007 332 2043 hoc
352 2007 536 2043 versiculo
558 2008 810 2043 continentur:
1392 2021 1396 2025 ’

439 2085 682 2133 Praepropere‚
705 2086 804 2129 laute,
826 2087 939 2129 nimis,
963 2085 1128 2128 ardenter,
1150 2085 1302 2121 studiose.

40 2067 188 2268 {Uace
208 2176 332 2204 autem
352 2169 534 2217 pertinent
554 2170 599 2205 ad
619 2169 780 2204 diversas
799 2169 1111 2205 circumstantias:
1133 2180 1220 2203 nam
1236 2175 1461 2216 praepropera
1483 2177 1547 2211 est,
1569 2178 1630 2204 ant
1634 2181 1666 2204 e-

50 2231 201 2274 ¹qnam
218 2230 382 2270 oportet;
401 2224 515 2267 nimis,
536 2222 618 2270 plus
638 2235 750 2271 quam
772 2232 935 2271 oportet;
957 2232 994 2258 et
1014 2223 1111 2258 idem
1130 2231 1228 2283 patet
1245 2223 1281 2257 in
1301 2222 1398 2265 aliis;
1417 2233 1505 2269 ergo
1525 2223 1663 2270 species

86 2275 229 2324 peccati
247 2275 536 2312 diversificantur
553 2277 757 2312 secundum
780 2277 941 2312 diversas
963 2277 1266 2312 circumstantias.

159 2327 235 2366 SED
256 2339 414 2366 coum
435 2338 501 2374 est,
519 2331 618 2378 quod
639 2330 777 2366 Philos.
798 2330 910 2365 dicit
903 2342 938 2364 in
961 2342 989 2377 3.
1005 2330 1167 2365 Ethicor.
1182 2331 1273 2378 (cap.
1289 2343 1318 2377 7.
1335 2344 1368 2365 m
1381 2331 1512 2378 princ)
1532 2331 1616 2365 etin
1631 2342 1663 2373 4.

70 2374 258 2437 :stup-1),
279 2382 378 2431 quod
400 2383 545 2431 singula
566 2384 652 2419 vitia
674 2392 828 2431 peccant
850 2384 993 2431 agendo
1017 2385 1196 2432 plusquam
1219 2390 1329 2432 opor!
1327 2390 1358 2427 ·,t
1387 2390 1415 2420 et
1441 2385 1571 2431 quando
1599 2397 1663 2419 HM

87 2440 236 2484 oportet;
249 2444 286 2472 et
298 2436 465 2472 similiter
478 2438 681 2473 secundum
696 2449 826 2473 omnes
841 2437 931 2472 alias
945 2438 1256 2480 circumstantias,
1271 2450 1345 2473 non
1360 2450 1448 2485 ergo
1463 2439 1662 2474 secundum

83 2496 85 2505 '
182 2488 469 2526 diversificantur
489 2499 727 2538 peccatorum
749 2492 900 2538 species.

160 2541 392 2580 Rmonnto
413 2544 621 2587 dicendum,
649 2544 759 2592 quod,
785 2545 880 2580 sicut
904 2545 1043 2581 dictum
1071 2553 1125 2580 est
1152 2545 1231 2590 (art.
1249 2546 1396 2594 praec),
1420 2546 1479 2580 ubi
1508 2546 1665 2580 occurrit

145 2640 153 2648 ,
207 2595 389 2633 motivum
410 2597 456 2633 ad
476 2598 718 2646 peccandum,
739 2598 789 2633 ibi
809 2606 864 2634 est
884 2597 954 2634 alia
975 2601 1116 2646 peccati
1138 2599 1295 2646 species:
1317 2600 1401 2646 quia
1421 2601 1600 2634 motivum
1620 2600 1663 2633 ad

183 2649 319 2686 andum
339 2658 394 2686 est
410 2649 503 2694 finis,
524 2659 560 2687 et
581 2651 786 2698 objectum:
810 2652 991 2699 contingit
1012 2660 1134 2688 autem
1157 2653 1388 2713 quandoque,
1411 2653 1538 2700 quod
1531 2665 1565 2687 ιη
1589 2664 1665 2688 cor-

173 2701 316 2740 'onibus
335 2703 560 2740 diversarum
582 2706 938 2740 circumstantiarum
961 2714 1015 2741 est
1035 2706 1132 2741 idem
1152 2707 1349 2742 motivum:
1369 2707 1462 2741 sicut
1481 2706 1663 2741 illiberalis

152 2756 285 2793 eodem
297 2758 440 2794 motivo
453 2758 575 2802 habet,
590 2759 688 2806 quod
704 2759 860 2807 accipiat
873 2759 1019 2807 quando
1034 2771 1108 2795 non
1123 2769 1279 2807 oportet,
1294 2769 1329 2795 et
1344 2761 1401 2794 ubi
1418 2772 1490 2795 non
1508 2769 1663 2807 oportet,

94 2807 228 2856 plus
248 2821 359 2858 quam
388 2820 555 2860 oportet;
581 2821 617 2848 et
642 2812 810 2848 similiter
835 2813 879 2848 de
910 2813 990 2848 aliis
1020 2813 1321 2849 circumstantiis:
1351 2814 1422 2848 hoc
1454 2814 1550 2848 enim
1580 2813 1663 2848 facit

62 2901 70 2907 ,
94 2915 108 2918 β
221 2874 240 2898 r
258 2863 505 2901 inordinatum
527 2866 729 2914 appetitum
747 2866 922 2926 pecuniae
944 2867 1238 2914 congregandae.
1267 2867 1310 2902 Et
1336 2868 1370 2901 in
1399 2867 1530 2902 talibus
1551 2868 1610 2902 dix
1615 2879 1664 2902 er-

68 2869 219 3007 ἓξ
234 2916 588 2955 circumstantiarum
609 2921 862 2968 corruptiones
883 2931 957 2956 non
979 2921 1038 2955 div
1041 2919 1223 2956 ersificant
1249 2923 1388 2968 species
1415 2931 1663 2969 peccatorum,

67 3092 152 3198 a
