1907 3198
560 210 786 254 QUAESTIO
819 205 937 239 cxw.
970 194 1219 232 ARTICULUS
1251 193 1292 221 x.
1635 165 1719 220 887

154 316 199 354 ad
214 315 330 350 vitam
351 314 553 345 aeternam:
573 308 608 336 et
625 299 662 334 in
675 302 818 332 tantum
831 295 916 326 sunt
929 281 1142 332 simpliciter
1154 279 1251 313 bona
1266 268 1480 319 hujusmodi
1496 261 1725 312 temporalia;

155 371 252 409 unde
273 365 402 403 dicitur
423 361 460 396 in
480 355 616 394 Psalm.
641 362 715 399 33.:
736 349 899 384 Timentes
917 334 1156 387 (Inquirentes)
1171 336 1281 367 autam
1296 326 1482 363 Dominum
1501 332 1565 355 non
1582 319 1728 353 minuen-

158 432 213 464 tur
232 421 323 460 omni
344 419 450 456 bono,-
473 421 509 448 et
531 410 633 446 alibi:
655 405 734 442 Non
754 400 826 437 vidi
844 401 970 446 justum
990 391 1193 430 derelictum,
1208 393 1289 425 etc„
1302 381 1361 416 Ps.
1379 376 1432 424 36.
1449 376 1488 412 Si
1503 382 1624 409 autem
1646 380 1732 405 con-

159 480 361 518 siderentur
378 464 591 516 hujusmodi
611 455 828 506 temporalia
847 453 945 487 bona
971 443 1173 483 secundum
1188 451 1238 480 se,
1259 437 1310 472 sic
1331 445 1406 469 non
1421 438 1503 467 sunt
1520 424 1732 473 simpliciter

160 535 258 571 bona
276 525 452 566 bominis,
473 520 536 557 sed
559 513 758 554 secundum
781 507 886 556 quid3
905 513 941 540 et
960 503 1010 538 ita
1029 509 1106 535 non
1127 492 1340 541 simpliciter
1358 487 1493 522 cadunt
1510 482 1573 517 sub
1590 478 1734 519 merito,

163 586 226 624 sed
247 580 450 621 secundum
470 572 576 623 quid3
598 571 814 616 inquantum
835 559 975 596 scilicet
993 552 1165 591 homines
1186 552 1380 583 moventur
1403 552 1422 575 a
1443 539 1526 574 Deo
1549 535 1593 570 ad
1615 532 1735 578 aliqua

163 635 417 687 temporaliter
438 627 590 677 agenda,
605 624 641 659 in
663 620 791 669 quibus
814 625 921 652 suum
942 607 1170 660 propositum
1193 604 1463 646 consequuntur
1476 592 1558 627 Deo
1577 588 1737 623 favente:

166 703 218 738 ut,
238 693 333 729 sicut
347 688 423 723 vita
440 691 585 720 aeterna
600 685 654 713 est
666 671 878 721 simpliciter
891 664 1095 716 praemium
1109 667 1263 706 operum
1276 650 1432 700 justitiae
1446 657 1510 694 per
1523 642 1739 679 relationem

170 749 218 785 ad
235 744 440 782 motionem
462 736 636 774 divinam,
657 730 751 766 sicut
771 735 879 772 supra
900 721 1039 757 dictum
1060 723 1115 751 est
1134 714 1217 759 (art.
1231 721 1263 746 2.
1279 720 1307 755 3.
1326 711 1356 742 et
1370 704 1403 740 6.
1426 703 1495 747 huj.
1510 699 1570 746 q.)‚
1586 697 1635 731 ita
1654 702 1743 729 tem-

170 799 312 852 poralia
330 798 429 832 bona
443 793 480 828 in
494 801 533 826 se
551 784 781 824 considerata
800 777 934 814 habeat
954 772 1134 809 rationem
1157 761 1346 802 mercedis,
1367 756 1494 793 habito
1515 757 1680 798 respectu
1700 746 1744 780 ad

172 855 380 894 motionem
393 847 567 886 divinam,
581 851 652 888 qua
664 836 871 872 voluntates
889 827 1085 865 hominum
1099 826 1295 857 moventur
1310 814 1354 849 ad
1368 813 1460 847 haec
1475 800 1746 856 prosequenda:

174 911 262 948 licet
281 903 465 943 interdum
486 900 523 935 in
543 896 601 932 his
621 903 697 929 non
717 889 877 925 habeant
896 882 1067 919 homines
1089 884 1227 912 rectam
1249 867 1502 906 intentionem.

248 963 309 999 AD
329 965 481 996 PRan
502 961 590 999 ergo
609 945 817 984 dicendum,
839 938 949 987 quod,
967 935 1060 971 sicut
1073 927 1300 976 Augustinus
1321 921 1409 956 dicit
1429 925 1556 953 contra
1576 912 1750 948 Faustum

177 1019 239 1056 lib.
260 1027 293 1061 4.
315 1015 404 1061 (cap.
419 1009 483 1056 2.),
501 1008 538 1042 in
559 1003 630 1040 illis
646 994 908 1046 temporalibus
930 986 1119 1038 promissis
1140 983 1278 1029 figurae
1298 977 1443 1012 fuerunt
1463 970 1668 1006 futurorum
1687 962 1754 1010 spi-

179 1071 377 1110 ritualium,
397 1074 490 1113 quae
517 1057 712 1106 implentur
737 1052 774 1087 in
799 1047 928 1084 nobis:
956 1040 1110 1079 carnalis
1138 1036 1237 1072 enim
1262 1029 1417 1080 populus
1445 1020 1633 1073 promissis
1658 1017 1754 1052 vitae

181 1122 382 1177 praesentis
404 1114 631 1155 inhaerebat;
653 1117 688 1145 et
704 1106 854 1142 illorum
874 1111 950 1136 non
970 1105 1112 1133 tantum
1133 1091 1271 1136 lingua,
1293 1085 1356 1121 sed
1378 1083 1489 1118 etiam
1509 1077 1584 1112 vita
1604 1071 1758 1122 prophe·

183 1184 256 1219 tica
275 1178 353 1215 fuit.

257 1234 319 1271 AD
341 1233 550 1267 SECUNDUM
571 1216 779 1257 dicendum,
801 1210 898 1260 quod
920 1207 1003 1243 illae
1026 1199 1279 1239 retributiones
1302 1193 1470 1228 dicuntur
1491 1196 1569 1222 esse
1591 1181 1762 1218 divinitus

187 1291 306 1328 factae
319 1281 520 1322 secundum
535 1270 851 1321 comparationem
868 1263 911 1299 ad
927 1260 1087 1297 divinam
1102 1253 1320 1291 motionem,
1334 1257 1408 1282 non
1424 1250 1547 1278 autem
1562 1236 1764 1274 secundum

189 1349 398 1392 respectum
419 1335 464 1371 ad
486 1330 665 1369 malitiam
685 1319 904 1361 voluntatis;
925 1313 1119 1364 praecipue
1141 1314 1319 1356 quantum
1342 1301 1386 1336 ad
1408 1307 1533 1344 regem
1556 1289 1766 1338 Babylonis,

191 1398 255 1448 qui
274 1405 350 1431 non
370 1384 601 1438 impugnavit
614 1381 770 1428 Tyrum,
789 1373 891 1422 quasi
911 1369 1040 1405 volens
1062 1366 1144 1400 Deo
1166 1359 1314 1400 servire,
1337 1354 1399 1391 sed
1420 1351 1540 1400 potius
1562 1355 1600 1382 ut
1620 1344 1688 1380 sibi
1708 1343 1770 1377 do-

192 1450 349 1489 minium
369 1447 574 1489 usurparet:
597 1433 761 1472 similiter
788 1429 899 1464 etiarn
926 1420 1138 1459 obstetrices
1163 1415 1250 1450 licet
1273 1407 1466 1446 habuerint
1486 1405 1624 1438 bonam
1644 1397 1771 1433 volun-

192 1513 320 1546 tatem,
341 1504 518 1548 quantum
541 1491 585 1527 ad
606 1486 862 1524 liberationem
882 1485 1093 1527 puerorum,
1113 1481 1189 1506 non
1210 1477 1335 1503 tamen
1355 1462 1422 1498 fuit
1444 1468 1570 1495 earum
1592 1461 1690 1490 recta
1711 1461 1772 1485 vo-

194 1560 328 1599 luntas,
348 1558 525 1602 quantum
547 1545 592 1581 ad
612 1544 685 1578 hoc
707 1538 805 1587 quod
827 1530 1062 1570 mendacium
1085 1523 1348 1561 confinxerunt.

268 1612 330 1647 An
356 1612 531 1643 Telmun
556 1595 765 1635 dicendum,
791 1589 889 1638 quod
919 1580 1138 1631 temporalia
1171 1575 1269 1612 mala
1302 1571 1513 1618 infliguntur
1547 1564 1583 1599 in
1616 1568 1775 1609 poenam

199 1664 334 1714 impiis,
350 1661 568 1707 inquantum
589 1663 653 1700 per
674 1661 717 1684 ea
734 1657 809 1681 non
831 1643 1048 1689 adjuvantur
1069 1635 1114 1670 ad
1141 1627 1443 1667 consecutionem
1464 1621 1559 1655 vitae
1587 1623 1776 1651 aeternae:

205 1771 422 1812 medicinae,
442 1774 482 1802 ut
501 1772 610 1809 supra
628 1758 767 1793 dictum
788 1760 842 1788 est
863 1751 912 1796 (q.
931 1749 986 1794 87.
1008 1749 1074 1779 art.
1096 1743 1158 1788 8.).

278 1826 340 1863 AD
353 1827 544 1864 QUARTUM
557 1811 766 1851 dicendum,
781 1804 879 1854 quod
894 1800 1019 1838 omnia
1039 1806 1153 1844 aeque
1172 1791 1342 1828 eveniunt
1359 1785 1478 1826 bonis,
1494 1791 1529 1818 et
1542 1778 1661 1820 malis,
1675 1785 1784 1824 quan·

207 1892 287 1920 tum
318 1878 364 1914 ad
388 1877 506 1924 ipsam
536 1865 775 1906 substantiam
803 1861 1000 1897 bonorum,
1020 1851 1079 1887 vel
1100 1848 1285 1884 malorum
1314 1837 1586 1888 temporalium,
1617 1833 1680 1868 sed
1710 1840 1784 1864 non

210 1942 387 1986 quantum
408 1929 453 1966 ad
474 1926 608 1963 finem:
631 1920 715 1968 quia
735 1915 824 1952 boni
837 1923 900 1960 per
913 1904 1125 1956 hujusmodi
1139 1900 1433 1938 manuducuntur
1452 1891 1497 1928 ad
1510 1885 1785 1926 beatitudinem,

212 2001 289 2028 non
309 1993 433 2024 autem
453 1979 553 2017 mali.

285 2042 332 2079 Et
349 2040 443 2076 haec
465 2035 510 2071 de
530 2028 731 2068 Moralibus
751 2025 788 2059 in
810 2016 1000 2058 communi
1021 2015 1117 2050 dicta
1138 2007 1329 2046 sufficiant.

594 2396 720 2437 121le
744 2390 933 2431 PRIMAE
957 2380 1228 2425 SECUNDAE
1249 2373 1443 2413 PARTIS.
