1907 3198
0 2324 24 2418 ff*-

537 194 762 230 QUAESTIO
796 193 866 223 LX.
900 193 1147 224 ARTICULUS
1182 193 1222 222 V.
1584 193 1669 236 419

89 287 120 314 2.
143 278 360 314 Ethicorum
381 277 469 324 (cap.
489 288 517 323 3.
537 275 579 310 ad
591 277 686 322 fi’⁷·)·
710 276 856 310 Bonum
872 282 993 309 autem
1017 285 1093 309 non
1116 286 1236 317 sensu,
1259 273 1322 309 sed
1350 273 1513 308 interiori
1539 275 1671 309 virtute

88 332 370 380 apprehensum,
394 330 437 365 ad
459 330 579 377 ipsum
601 329 794 364 hominem
815 329 999 376 pertinens
1018 329 1220 363 secundum
1239 328 1413 374 seipsum,
1433 335 1487 362 est
1501 328 1594 362 sicut
1615 340 1674 375 pe—

92 387 211 428 cunia,
235 393 270 420 et
287 385 430 426 honor;
458 395 615 430 quorum
639 385 794 430 pecunia
816 381 1029 418 ordinabilis
1056 390 1110 417 est
1131 382 1174 416 de
1198 393 1235 417 se
1258 382 1302 416 ad
1327 381 1468 416 bonum
1496 382 1672 428 corporis,

87 439 210 475 honor
231 446 354 474 autem
377 437 542 473 consistit
564 437 599 471 in
623 436 913 484 apprehensione
934 437 1096 470 animae:
1120 443 1156 470 et
1175 435 1268 470 haec
1298 435 1446 482 quidem
1469 435 1566 469 bona
1589 447 1674 470 con-

88 492 240 529 siderari
261 499 424 540 possunt,
445 491 499 526 vel
521 490 697 533 absolute,
720 490 921 525 secundum
945 489 1042 536 quod
1065 489 1247 536 pertinent
1269 490 1312 524 ad
1333 489 1672 536 concupiscibilem,

87 547 141 582 vel
161 557 246 581 cum
266 545 441 580 arduitate
465 544 636 592 quadarn,
666 544 869 579 secundum
899 543 997 590 quod
1028 543 1209 589 pertinent
1240 543 1283 578 ad
1306 542 1537 577 irascibilem.
1564 542 1672 584 Quae

88 600 238 648 quidem
265 599 449 635 distinctio
471 610 546 633 non
576 598 687 633 habet
712 597 838 632 locum
865 597 902 632 in
932 597 1049 640 bonis,
1073 609 1166 644 quae
1190 596 1374 632 delectant
1403 605 1559 632 tactum:
1588 597 1672 644 quia

87 653 301 700 hujusmodi
322 661 406 688 sunt
428 652 609 700 quaedam
631 652 767 695 infima,
784 660 819 687 et
833 659 1048 699 competunt
1060 651 1216 693 homini,
1239 651 1442 686 secundum
1465 651 1563 697 quod
1587 662 1672 686 con-

87 708 187 742 venit
209 719 295 742 cum
316 706 448 742 brutis:
473 707 569 741 circa
592 706 729 741 bonurn
747 707 854 753 igitur
867 706 1045 752 pecuniae
1061 705 1226 740 absolute
1250 713 1449 752 sumptum,
1469 705 1672 740 secundum

89 762 188 809 quod
211 769 265 797 est
287 761 473 808 objectum
496 761 829 807 concupiscentiae,
850 759 909 794 vel
930 759 1196 802 delectationis,
1220 767 1280 793 aut
1307 759 1456 801 amoris,
1479 767 1532 793 est
1553 759 1673 794 libera-

87 816 184 851 litas:
208 816 304 850 circa
317 816 457 850 bonum
474 823 596 849 autem
611 814 823 861 hujusmodi
842 826 926 849 cum
943 814 1119 849 arduitate
1135 822 1334 861 sumptum,
1350 814 1553 848 secundum
1573 814 1670 860 quod

88 877 144 905 est
164 869 348 916 obiectum
377 869 464 916 spei,
487 877 540 903 est
563 869 833 915 magnificentia:
863 868 959 902 circa
988 868 1127 903 bonum
1157 879 1258 910 vero,
1281 867 1378 914 quod
1402 876 1456 902 est
1480 867 1614 910 honor,
1642 867 1673 902 si

87 923 236 971 quidem
255 924 300 958 sit
322 922 486 958 absolute
509 930 708 969 sumptum,
730 923 932 957 secundum
955 922 1052 969 quod
1075 930 1128 957 est
1150 922 1336 968 objectum
1365 921 1513 963 amoris,
1541 922 1590 956 sic
1619 930 1672 956 est

88 977 270 1024 quaedam
298 977 423 1019 virtus,
455 988 547 1023 quae
576 985 729 1011 vocatur
756 976 965 1023 philotimia,
996 976 1090 1011 idest
1111 988 1208 1011 amor
1235 976 1389 1011 honoris:
1419 976 1448 1010 si
1469 987 1557 1010 vero
1587 987 1671 1010 cum

88 1031 265 1066 arduitate
287 1031 549 1073 consideretur,
571 1031 773 1065 secundum
792 1031 890 1077 quod
913 1039 967 1065 est
988 1031 1174 1076 objectum
1193 1032 1282 1077 spei,
1301 1031 1351 1065 sic
1372 1038 1425 1065 est
1446 1031 1674 1076 magnanimi-

87 1090 159 1128 tas;
181 1085 278 1120 unde
293 1085 490 1128 liberalitas,
506 1085 744 1132 etphilotimia
761 1085 928 1119 videntur
947 1096 1025 1119 esse
1044 1085 1081 1119 in
1101 1084 1398 1131 concupiscibili:
1422 1085 1671 1131 magnificentia

90 1150 192 1183 vero,
214 1147 250 1174 et
268 1140 531 1186 magnanimitas
552 1138 589 1172 in
611 1138 794 1173 irascibili.
818 1138 963 1172 Bonum
983 1150 1071 1174 vero
1093 1139 1254 1173 hominis
1277 1140 1313 1173 in
1337 1139 1464 1173 ordine
1487 1139 1530 1172 ad
1558 1137 1671 1172 alium

85 1204 162 1228 non
185 1193 328 1228 videtur
343 1193 560 1227 arduitatem
574 1192 726 1235 habere3
750 1192 811 1227 sed
835 1194 1011 1239 accipitur
1033 1201 1071 1227 ut
1090 1193 1255 1227 absolute
1271 1201 1471 1239 sumptum,
1487 1201 1595 1239 prout
1615 1201 1669 1228 est

89 1247 274 1294 objectum
295 1246 509 1294 passionum
531 1246 843 1293 concupiscibilis:
868 1246 965 1292 quod
988 1246 1136 1293 quidem
1157 1247 1295 1281 bonurn
1319 1256 1438 1294 potest
1462 1258 1540 1282 esse
1563 1247 1671 1282 alicui

90 1300 318 1343 delectabile,
340 1300 543 1335 secundum
565 1300 663 1346 quod
686 1300 833 1346 praebet
861 1311 898 1334 se
933 1299 1054 1343 alteri3
1085 1299 1144 1335 vel
1172 1301 1208 1334 in
1238 1301 1307 1343 his,
1330 1312 1422 1347 quae
1452 1302 1546 1335 serio
1570 1301 1671 1344 fiunt,

89 1355 239 1390 idestin
261 1354 465 1389 actionibus
487 1365 552 1401 per
572 1354 754 1388 rationem
777 1354 952 1388 ordinatis
975 1354 1019 1388 ad
1042 1354 1201 1389 debitum
1226 1354 1349 1397 finem,
1367 1355 1421 1390 vel
1434 1355 1470 1389 in
1493 1355 1561 1398 his,
1577 1367 1670 1402 quae

85 1408 177 1444 fiunt
196 1408 296 1451 ludo,
318 1407 410 1443 idest
431 1408 467 1442 in
500 1407 704 1442 actionibus
727 1408 901 1442 ordinatis
922 1407 965 1442 ad
985 1407 1269 1443 delectationem
1299 1417 1454 1451 tanturn,
1481 1421 1573 1456 quae
1595 1421 1671 1444 non

89 1463 223 1498 eodem
245 1462 359 1497 modo
381 1473 419 1497 se
440 1461 577 1496 habent
599 1462 642 1496 ad
664 1461 858 1504 rationem,
880 1463 973 1497 sicut
993 1462 1122 1508 prima.
1138 1462 1179 1496 In
1198 1462 1300 1498 seriis
1323 1471 1445 1498 autem
1469 1475 1506 1498 se
1525 1463 1672 1498 exhibet

89 1515 219 1564 aliquis
241 1515 343 1551 alteri
365 1515 562 1564 dupliciter:
586 1527 651 1550 uno
674 1515 769 1550 modo
785 1523 823 1550 ut
837 1515 1094 1551 delectabilem
1109 1515 1322 1551 decentibus
1336 1517 1466 1560 verbis,
1489 1525 1523 1552 et
1545 1516 1670 1552 factis:

87 1579 123 1607 et
142 1570 216 1606 hoc
237 1571 392 1618 pertinet
413 1569 458 1604 ad
479 1569 680 1617 quamdam
702 1569 886 1612 virtutem,
909 1581 1020 1616 quarn
1042 1570 1153 1605 Arist.
1176 1571 1253 1615 (lib.
1279 1582 1310 1606 2.
1339 1577 1413 1619 cap.
1437 1583 1467 1618 7.
1496 1573 1557 1607 cir.
1585 1571 1669 1606 mad.

85 1637 126 1661 ex
138 1625 285 1660 sensuD.
303 1624 438 1670 Thom.)
449 1623 619 1658 nominat
632 1625 832 1666 amicitiam,
849 1632 884 1658 et
898 1632 1017 1671 potest
1028 1624 1309 1671 diciaffabilitas:
1329 1626 1396 1660 alio
1411 1625 1507 1661 modo
1523 1626 1672 1673 praebet

87 1690 125 1714 se
148 1678 278 1726 aliquis
306 1677 411 1713 alteri
432 1686 471 1712 ut
491 1677 725 1712 manifestum
749 1689 813 1724 per
832 1677 939 1721 dicta,
963 1686 998 1713 et
1019 1677 1133 1714 facta:
1158 1674 1284 1714 et'hoc
1308 1681 1463 1726 pertinet
1486 1681 1529 1714 ad
1559 1679 1669 1714 aliam

87 1732 272 1775 virtutem,
295 1742 405 1779 quarn
427 1732 596 1766 nominat
623 1733 800 1767 veritatem
827 1732 902 1778 (lib.
934 1744 967 1777 4.
990 1733 1068 1768 ΕΗ).
1098 1739 1171 1780 cap.
1203 1735 1263 1780 7.).
1295 1733 1542 1769 Manifestatio
1570 1734 1669 1768 enim

90 1786 354 1834 propiunquius
377 1785 518 1820 accedit
540 1785 583 1819 ad
606 1786 799 1828 rationem,
823 1797 933 1832 quam
961 1786 1169 1829 delectatio,
1195 1796 1230 1821 et
1251 1788 1356 1830 seria,
1383 1800 1494 1834 quam
1521 1789 1669 1834 jocosa:

90 1840 187 1875 unde
210 1848 246 1875 et
267 1840 364 1874 circa
385 1839 649 1874 delectationes
670 1838 841 1874 ludorum
865 1847 918 1874 est
937 1840 1006 1874 alia
1021 1841 1146 1883 virtus,
1169 1853 1279 1887 quam
1294 1841 1432 1876 Philos.
1451 1842 1524 1886 (lili.
1539 1854 1572 1887 4.
1592 1842 1669 1877 ΕΗ).

87 1900 159 1942 cap.
174 1893 222 1940 8.)
238 1891 456 1940 eutrapeliam
471 1893 649 1928 nominat.
663 1892 722 1927 Sic
741 1893 849 1940 igitur
862 1902 971 1941 patet,
987 1895 1084 1941 quod
1099 1895 1302 1929 secundum
1319 1895 1428 1930 Arist.
1444 1904 1527 1930 sunt
1542 1896 1669 1930 decem

85 1947 228 1983 virtutes
252 1945 395 1982 morales
424 1948 517 1982 circa
541 1948 729 1994 passiones.-
758 1947 909 1990 scilicet,
932 1947 1115 1995 fortitudo,
1137 1951 1367 1996 temperantia,
1391 1950 1586 1992 liberalitas,
1602 1962 1671 1984 ma-

84 2001 289 2049 gnificentia,
311 2002 590 2048 magnanimitas,
608 2001 816 2048 philotimia,
831 2002 1058 2042 mansuetudo,
1075 2003 1240 2045 amicitia,
1260 2005 1396 2046 veritas,
1415 2009 1445 2039 ct
1462 2003 1646 2052 eutrapelia
1658 2018 1667 2039 .-

87 2062 124 2090 et
145 2053 418 2101 distinguuntur
439 2055 641 2089 secundum
673 2055 833 2090 diversas
865 2056 1047 2099 materias,
1078 2055 1137 2091 vel
1171 2057 1373 2092 secundum
1408 2057 1567 2093 diversas
1593 2069 1671 2105 pas-

86 2108 220 2151 siones,
241 2107 301 2144 vel
314 2108 518 2144 secundum
540 2108 682 2143 diversa
697 2109 858 2155 objecta:
875 2109 903 2144 si
925 2110 1034 2157 igitur
1057 2110 1208 2145 addatur
1219 2112 1364 2158 justitia,
1381 2123 1474 2158 quae
1497 2120 1550 2147 est
1573 2112 1670 2148 circa

87 2161 332 2210 operationes,
354 2170 460 2197 erunt
481 2173 611 2197 omnes
634 2162 797 2198 zmdecim.

158 2215 220 2252 AD
249 2225 400 2252 PRIMUM
432 2227 520 2263 ergo
549 2216 758 2259 dicendum,
789 2218 886 2264 quod
917 2218 1042 2252 omnia
1072 2218 1215 2266 objecta
1250 2219 1413 2266 ejusdem
1445 2220 1668 2267 operationis

83 2269 289 2306 secundum
310 2270 472 2317 speciem
502 2271 673 2306 eamdem
700 2270 953 2306 habitudinem
983 2272 1118 2307 habent
1140 2274 1184 2308 ad
1214 2275 1414 2316 rationem;
1442 2285 1516 2308 non
1545 2283 1668 2309 autem

88 2324 215 2360 omnia
236 2323 379 2370 objecta
403 2324 567 2370 ejusdem
590 2324 769 2370 passionis
792 2326 994 2360 secundum
1016 2327 1195 2374 speciem3
1224 2329 1307 2374 quia
1334 2328 1567 2374 operationes
1593 2340 1667 2363 non

85 2385 292 2426 repugnant
311 2377 456 2420 rationi,
478 2377 572 2413 sicut
593 2378 792 2425 passiones.

159 2431 221 2468 AD
248 2442 458 2468 SECUNDUM
481 2432 689 2476 dicendum,
712 2433 809 2480 quod
833 2433 902 2468 alia
924 2434 1064 2470 ratione
1092 2435 1380 2471 diversificantur
1404 2436 1606 2484 passiones,
1633 2445 1669 2472 et

85 2484 159 2522 alia
178 2486 342 2529 virtutes,
364 2486 458 2521 sicut
479 2486 617 2521 dictum
639 2495 693 2522 est
716 2486 767 2532 (in
789 2487 909 2535 corp).

159 2539 221 2576 AD
248 2549 421 2576 TERTmM
449 2539 658 2583 dicendum,
685 2541 783 2587 quod
808 2543 926 2588 magis,
949 2547 980 2577 et
997 2543 1106 2578 minus
1127 2555 1202 2578 non
1225 2543 1470 2579 diversificant
1491 2544 1667 2591 speciem,

87 2593 158 2630 nisi
176 2601 324 2642 propter
345 2593 527 2629 diversam
547 2594 798 2630 habitudinem
824 2596 866 2630 ad
889 2595 1080 2631 rationem.

160 2647 220 2683 An
242 2657 433 2688 QUARTUM
455 2647 664 2691 dicendum,
687 2648 784 2695 quod
812 2648 949 2684 bonum
981 2649 1108 2686 fortius
1136 2660 1189 2686 est
1216 2651 1259 2686 ad
1291 2651 1529 2695 movendum,
1556 2663 1666 2699 quam

88 2700 242 2744 malum,
268 2701 353 2749 quia
374 2700 514 2736 malurn
537 2713 611 2737 non
643 2703 716 2749 agit
743 2703 812 2737 nisi
833 2703 965 2738 virtute
987 2704 1086 2747 boni,
1108 2713 1146 2740 ut
1175 2705 1329 2752 Dionys.
1354 2705 1439 2740 dicit
1460 2716 1492 2748 4.
1516 2717 1594 2753 cap.
1623 2706 1666 2741 de

86 2753 172 2791 Div.
186 2754 298 2790 Nom.
313 2755 416 2803 (part.
438 2766 471 2801 4.
494 2756 564 2791 lect.
579 2767 629 2792 21.
644 2761 672 2791 et
687 2756 759 2802 22.)
770 2769 782 2798 ,·
799 2757 893 2792 unde
908 2758 1049 2792 malum
1065 2770 1138 2793 non
1155 2758 1241 2794 facit
1256 2758 1507 2794 difficultatem
1523 2760 1666 2802 rationi,

88 2820 182 2857 quae
202 2809 362 2857 requirat
382 2809 566 2853 virtutem,
595 2810 663 2844 nisi
694 2810 739 2845 sit
766 2810 966 2855 excellens;
994 2813 1092 2859 quod
1120 2813 1260 2847 videtur
1291 2824 1368 2847 esse
1391 2825 1504 2848 unum
1527 2814 1562 2848 in
1592 2825 1665 2849 uno

89 2873 224 2911 genere
245 2862 444 2911 passionis;
466 2864 560 2899 unde
589 2864 683 2899 circa
705 2864 775 2899 iras
802 2876 877 2900 non
907 2866 1054 2912 ponitur
1075 2867 1145 2902 nisi
1166 2878 1237 2901 una
1267 2867 1389 2909 virtus,
1413 2867 1550 2903 scilicet
1574 2881 1667 2902 man-

87 2915 243 2954 mindo:
265 2924 301 2952 et
329 2916 495 2952 similiter
517 2917 613 2952 circa
644 2918 825 2961 audacias,
855 2930 926 2954 una
956 2919 1046 2963 sola,
1069 2920 1209 2956 scilicet
1222 2921 1412 2968 fortitudo:
1435 2921 1497 2956 sed
1525 2922 1663 2957 bonum
