1907 3198
503 176 726 214 QUAESTIO
761 176 878 207 CXIV.
911 175 1158 207 ARTICULUS
1190 177 1231 207 V.
1573 164 1653 208 881

85 257 241 306 primam
263 257 418 304 gratiam
439 258 511 304 iam
535 265 743 305 susceptam
765 265 884 304 potest
911 256 1028 292 homo
1058 257 1259 304 promereri
1289 268 1308 291 a
1339 257 1420 292 Deo
1451 269 1515 305 per
1541 258 1660 294 subse-

86 310 234 359 quentia
254 321 378 358 opera.

157 363 236 400 SED
255 374 413 400 CONTRA
435 372 499 406 est,
514 364 611 411 quod
633 364 724 399 ratio
743 364 881 410 gratiae
900 372 1078 411 repugnat
1095 363 1257 398 mercedi
1275 374 1440 410 operum,
1458 364 1659 399 secundum

85 416 174 453 illud
196 416 304 452 Rom.
332 427 386 460 4.:
416 417 472 460 Ei,
499 419 556 464 qui
585 422 754 464 operatur,
774 429 894 452 merces
920 429 985 451 non
1012 418 1198 464 imputatur
1225 416 1401 452 secundum
1422 419 1582 462 gratiam,
1609 417 1661 452 sed

83 469 263 507 secuudum
286 469 450 506 debitum:
472 471 535 506 sed
557 470 644 505 illud
666 478 826 506 meretur
855 470 983 513 homo,
1006 471 1103 517 quod
1133 470 1332 516 imputatur
1361 470 1428 505 sibi
1458 471 1658 506 secundum

85 523 259 567 debitum,
279 523 383 571 quasi
402 535 543 559 merces
564 535 719 571 operum
737 525 833 570 ejus;
855 535 944 570 ergo
963 524 1120 572 primam
1139 524 1294 570 gratiam
1313 534 1386 558 non
1408 532 1527 570 potest
1544 524 1660 559 homo

87 587 230 613 meren.

155 629 390 667 Respounzo
411 630 620 674 dicendum,
641 630 739 678 quod
761 630 900 666 donum
923 631 1060 678 gratiae
1083 630 1304 666 considerari
1324 638 1445 677 potest
1461 630 1659 677 dupliciter.-

84 694 150 719 uno
164 682 260 719 modo
278 684 480 720 secundum
498 684 678 720 rationem
693 684 837 731 gratuiti
851 685 957 719 doni:
980 693 1016 720 et
1036 685 1087 719 sic
1103 683 1337 719 manifestum
1353 692 1418 726 est,
1433 684 1531 730 quod
1547 695 1658 719 omne

85 736 259 773 meritum
278 745 458 785 repugnat
479 738 633 785 gratiae:
652 738 748 786 quia,
767 746 805 772 ut
827 738 871 772 ad
893 737 1050 773 Roman.
1086 748 1136 772 11.
1169 737 1337 784 Apostol.
1360 737 1465 772 dicit:
1487 737 1524 773 51·
1549 743 1661 773 autem

85 791 213 838 gratia,
226 792 302 838 jam
319 802 387 826 non
406 803 447 827 ex
468 793 644 839 operibus:
666 791 732 826 alio
755 791 850 826 modo
872 799 992 839 potest
1013 791 1235 826 considerari
1262 791 1463 826 secundum
1492 800 1659 826 naturam

89 843 202 892 ipsius
222 843 286 887 rei,
307 855 400 892 quae
421 844 595 880 donatur:
619 853 655 880 et
675 844 725 880 sic
748 844 858 880 etiam
879 856 954 880 non
976 852 1097 892 potest
1114 845 1243 879 cadere
1265 844 1330 879 sub
1353 844 1484 879 merito
1504 856 1578 879 non
1600 844 1662 879 ha-

89 896 208 933 bentis
229 897 404 945 gratiam:
426 906 504 933 tum
523 898 607 946 quia
625 897 767 933 excedit
779 898 1055 945 proportionem
1069 906 1236 933 naturae:
1258 906 1336 932 tum
1352 898 1461 932 etiam
1478 898 1562 945 quia
1578 906 1660 933 ante

85 950 241 999 gratiam
270 951 307 986 in
335 959 431 987 statu
459 952 599 999 peccati
628 952 745 987 homo
774 951 883 987 habet
903 952 1207 999 impedimentum
1234 951 1466 999 promerendi
1495 953 1663 998 gratiam,

85 1004 226 1040 scilicet
245 1004 368 1052 ipsum
389 1013 593 1053 peccatum.
616 1005 817 1052 Postquam
847 1013 970 1041 autem
1000 1006 1074 1052 jam
1104 1005 1233 1053 aliquis
1260 1005 1370 1040 habet
1397 1005 1565 1051 gratiam,
1587 1016 1661 1040 non

85 1065 206 1106 potest
226 1059 343 1106 gratia
363 1059 438 1106 jam
457 1059 580 1094 habita
598 1059 662 1094 sub
682 1059 813 1094 merito
833 1059 979 1094 cadere:
999 1059 1083 1106 quia
1102 1070 1242 1094 merces
1261 1067 1315 1093 est
1328 1059 1504 1094 terminus
1524 1058 1661 1105 operis:

84 1111 203 1159 gratia
222 1123 310 1147 vero
332 1120 387 1148 est
408 1112 627 1160 principium
655 1112 846 1159 cujuslibet
866 1112 953 1148 boni
975 1113 1096 1160 operis
1124 1113 1161 1147 in
1189 1112 1306 1154 nobis,
1328 1120 1367 1146 ut
1387 1123 1494 1159 supra
1524 1112 1663 1147 dictum

84 1173 140 1201 est
159 1163 206 1213 (q.
227 1166 342 1213 ιο9.).·
364 1165 395 1201 si
416 1177 505 1202 vero
523 1165 621 1201 aliud
644 1166 783 1201 donum
805 1166 1002 1213 gratuitum
1025 1165 1154 1213 aliquis
1174 1174 1357 1201 mereatur
1375 1165 1504 1200 virtute
1524 1165 1662 1211 gratiae

83 1218 345 1266 praecedentis,
366 1219 441 1266 jam
461 1230 536 1254 non
559 1220 626 1255 erit
646 1219 783 1267 prima3
805 1219 900 1254 unde
922 1219 1157 1255 manifestum
1180 1227 1244 1261 est,
1267 1219 1365 1266 quod
1393 1218 1514 1254 nullus
1544 1227 1662 1266 potest

86 1271 155 1308 sibi
175 1272 309 1308 mereri
329 1273 486 1320 primam
507 1273 674 1319 gratiam.

157 1326 219 1363 An
252 1337 404 1363 pamm(
430 1338 520 1374 ergo
547 1327 755 1370 dicendum,
783 1327 893 1374 quod,
923 1327 1016 1362 sicut
1045 1327 1141 1373 Aug.
1171 1326 1258 1361 dicit
1285 1326 1321 1360 in
1352 1326 1412 1360 lib.
1445 1337 1473 1361 1.
1504 1325 1663 1360 Retract.

89 1379 180 1429 (cap.
201 1381 280 1428 23),
301 1380 380 1428 ipse
407 1379 604 1428 aliquando
635 1380 671 1415 in
700 1381 771 1416 hoc
802 1379 867 1416 fuit
895 1380 1079 1427 deceptus,
1102 1380 1200 1428 quod
1231 1380 1383 1415 credidit
1411 1379 1552 1414 initium
1581 1378 1663 1414 fidei

86 1445 165 1471 esse
192 1445 237 1470 ex
264 1434 383 1478 nobis,
412 1433 475 1469 sed
505 1435 866 1469 consummationem
888 1434 993 1468 nobis
1015 1434 1091 1469 dari
1121 1445 1164 1468 ex
1194 1433 1288 1475 Deo,
1310 1433 1407 1480 quod
1430 1433 1506 1480 ipse
1528 1433 1663 1468 ibidem

86 1494 272 1524 retractat:
300 1495 336 1523 et
362 1487 407 1523 ad
433 1487 532 1522 hunc
560 1498 708 1522 sensum
736 1487 878 1522 videtur
907 1487 1100 1534 pertinere,
1127 1487 1225 1534 quod
1253 1487 1340 1522 fides
1367 1486 1663 1532 justificationem

86 1549 288 1577 mereatur:
309 1541 372 1577 sed
394 1541 424 1576 si
444 1552 706 1589 supponamus,
728 1541 821 1576 sicut
843 1540 925 1576 fidei
944 1541 1006 1587 [al.
1027 1541 1093 1587 rei]
1114 1541 1246 1576 veritas
1265 1541 1385 1582 habet,
1404 1540 1501 1587 quod
1520 1540 1663 1574 initium

85 1594 173 1631 fidei
190 1594 237 1631 sit
255 1595 294 1630 in
313 1595 420 1630 nobis
441 1606 462 1630 a
483 1595 577 1638 Deo,
599 1596 673 1641 jam
695 1595 805 1630 etiam
828 1595 903 1642 ipse
927 1603 1028 1630 actus
1050 1594 1134 1630 fidei
1156 1595 1392 1641 consequitur
1409 1594 1563 1641 primam
1585 1605 1662 1639 gra-

87 1648 194 1684 tiam:
216 1656 253 1684 et
272 1648 322 1684 ita
342 1659 417 1684 non
436 1656 555 1696 potest
572 1659 651 1683 esse
670 1648 878 1683 meritorius
897 1648 1035 1694 primae
1054 1648 1210 1693 gratiae;
1233 1659 1297 1695 per
1315 1647 1425 1682 fidem
1445 1648 1553 1693 igitur
1570 1647 1667 1693 justi—

86 1701 215 1738 ficatur
235 1701 366 1745 homo,
386 1712 462 1737 non
484 1701 588 1749 quasi
608 1701 724 1736 homo
747 1702 929 1736 credendo
958 1710 1140 1736 mereatur
1166 1701 1475 1747 justificationem,
1497 1700 1559 1735 sed
1581 1701 1664 1748 quia

86 1756 174 1792 dum
200 1755 425 1803 justificatur,
452 1755 577 1799 credit,
607 1767 652 1791 eo
681 1755 779 1802 quod
811 1764 932 1790 motus
963 1754 1045 1790 fidei
1074 1755 1267 1802 requiritur
1297 1755 1340 1789 ad
1368 1754 1665 1802 justificationem

86 1809 202 1858 impii,
222 1817 262 1845 ut
282 1820 389 1858 supra
411 1809 548 1844 dictum
572 1817 626 1844 est
647 1809 696 1856 (q.
719 1821 780 1856 1¹3·
803 1814 871 1844 att.
892 1809 957 1854 4..)

159 1863 222 1899 AD
248 1873 457 1899 SECUNDUM
480 1862 688 1905 dicendum,
710 1863 808 1910 quod
836 1863 937 1898 Deus
966 1873 1040 1897 non
1065 1862 1127 1897 dat
1156 1863 1312 1909 gratiam
1341 1862 1409 1897 nisi
1437 1862 1568 1909 dignis,
1589 1873 1665 1897 non

88 1926 214 1952 tamen
233 1917 283 1952 ita
300 1916 399 1964 quod
418 1916 516 1964 prius
534 1916 634 1963 digni
648 1915 791 1958 suerint,
806 1916 867 1951 sed
887 1917 970 1963 quia
988 1916 1063 1963 ipsc
1083 1928 1146 1963 per
1163 1917 1317 1963 gratiam
1337 1928 1399 1951 eos
1420 1915 1504 1951 facit
1522 1916 1667 1962 dignos,

88 1969 151 2018 qui
169 1968 272 2006 solus
286 1974 390 2018 potest
404 1970 521 2017 jacere
541 1969 702 2004 mundum
723 1969 760 2004 dc
779 1969 949 2004 irmnundo
968 1975 1156 2016 conceptum
1178 1971 1297 2005 semine
1320 1970 1400 2015 (job
1423 1971 1502 2015 14).

160 2023 223 2060 AD
244 2033 418 2060 TERTIUM
440 2023 649 2065 dicendum,
664 2023 760 2070 quod
777 2034 887 2058 omne
902 2023 1039 2057 bonum
1056 2034 1147 2070 opus
1162 2023 1322 2058 hominis
1338 2023 1501 2070 procedit
1516 2034 1535 2057 a
1550 2022 1666 2070 prima

89 2077 204 2125 gratia
224 2076 319 2112 sicut
340 2087 361 2111 a
382 2076 573 2124 principio,
594 2087 669 2111 non
692 2084 811 2111 autem
832 2076 996 2122 procedit
1016 2088 1036 2111 a
1059 2088 1293 2124 quocumque
1312 2077 1475 2111 humano
1494 2077 1613 2119 dono;
1631 2085 1667 2112 et

88 2130 172 2166 ideo
192 2141 268 2166 non
290 2139 346 2166 est
365 2129 495 2166 similis
518 2129 609 2165 ratio
631 2129 675 2165 de
695 2129 794 2164 dono
817 2130 966 2177 gratiae,
989 2138 1025 2165 et
1045 2131 1088 2165 de
1111 2130 1211 2165 dono
1234 2131 1408 2166 humano.

647 2272 994 2318 ARTICULUS
1028 2273 1106 2317 VI.
1595 2283 1663 2331 615

247 2382 402 2414 UTRUM
423 2383 554 2414 HOMO
578 2382 727 2414 POSSIT
749 2382 906 2412 ALTERI
929 2382 1086 2413 MERERI
1109 2383 1273 2414 PRIMA-W
1297 2382 1508 2413 GRATIAM.

164 2468 212 2515 (a.
233 2469 323 2507 Dise.
344 2481 398 2519 27.
424 2476 490 2506 art.
512 2482 543 2518 7.
564 2476 594 2507 ct
612 2483 640 2518 3.
664 2471 752 2506 Dist.
774 2482 824 2517 19.
848 2483 878 2518 q.
901 2483 928 2506 1.
950 2476 1015 2506 art.
1038 2483 1068 2507 2.
1091 2476 1119 2505 et
1141 2483 1167 2506 1.
1197 2471 1289 2511 Tim,
1306 2481 1340 2515 4.
1362 2471 1430 2505 lect.
1454 2481 1484 2505 2.
1499 2470 1594 2516 fin).

162 2558 225 2595 ΑΒ
245 2569 398 2596 ΒΕΧτυΜ
421 2559 471 2595 sic
494 2559 712 2607 proceditur.
737 2559 898 2603 Videtur,
920 2559 1017 2607 quod
1040 2560 1155 2594 homo
1178 2559 1290 2607 possit
1313 2558 1414 2594 alteri
1443 2558 1572 2594 mereri
1600 2559 1665 2605 pri-

92 2622 193 2647 mam
215 2612 391 2660 gratiam,
411 2613 495 2661 quia
518 2613 645 2649 Matth.
664 2625 697 2661 9.
717 2625 824 2661 super
841 2613 947 2650 illud:
973 2614 1089 2649 l‘idcns
1102 2615 1193 2659 Jcsus
1202 2613 1303 2661 fidem
1326 2614 1471 2655 illorum,
1492 2621 1559 2648 etc.
1579 2613 1666 2648 dicit

93 2663 199 2701 Glos.
219 2665 383 2713 (ordin.).·
403 2667 578 2713 Quantum
600 2667 688 2702 valet
716 2666 806 2714 apud
830 2667 938 2702 Deum
962 2667 1045 2714 fides
1070 2669 1227 2714 propria,
1249 2666 1338 2714 apud
1359 2679 1451 2713 quem
1481 2667 1524 2701 sir
1553 2666 1661 2701 valuit

91 2717 216 2761 aliena,
235 2724 271 2756 ut
292 2720 390 2765 intus,
412 2725 442 2756 et
459 2725 552 2756 extra
569 2726 703 2756 sanaret
721 2721 883 2756 hominm
900 2722 916 2757 ?
936 2721 1006 2756 5υά
1027 2721 1176 2755 interior
1194 2720 1334 2755 sanatio
1354 2720 1514 2754 hominis
1531 2728 1584 2755 cst
1602 2731 1665 2767 per

91 2771 249 2819 primam
269 2772 444 2820 gratiam;
466 2785 554 2821 ergo
576 2774 692 2809 homo
715 2782 832 2822 potest
855 2774 955 2810 alteri
980 2774 1109 2809 mereri
1133 2774 1287 2820 primam
1311 2774 1478 2819 gratiam.

164 2823 196 2861 a.
218 2824 455 2863 ΡῐιΑΒτεκΕΑ.
479 2826 676 2864 Orationes
697 2828 874 2873 justorum
895 2835 967 2862 non
984 2835 1066 2862 sunt
1087 2838 1242 2869 vacuam
1264 2827 1325 2862 scd
1345 2826 1522 2868 efficaces,
1542 2837 1669 2861 secun-

93 2878 181 2915 dum
201 2877 289 2915 illud
305 2879 381 2927 Jac.
403 2879 485 2916 ult.:
509 2880 655 2917 Multum
674 2881 761 2917 valet
783 2881 970 2928 deprecatio
986 2882 1068 2928 justi
1086 2881 1238 2916 assidua:
1258 2880 1319 2915 sed
1343 2880 1477 2915 ibidem
1501 2880 1667 2927 praemit-
