1907 3198
509 221 732 258 QUAESTIO
766 220 854 250 XIV.
889 219 1135 250 ARTICULUS
1170 220 1194 248 1.
1558 218 1632 248 121

134 305 273 341 Tertio.
296 304 429 340 Utrum
451 303 646 339 consilium
669 304 714 338 sit
734 302 855 338 solum
878 302 921 337 de
942 302 1011 345 his,
1033 312 1126 349 quae
1147 313 1167 335 a
1189 300 1294 335 nobis
1317 308 1482 347 aguntur.

133 359 288 401 Quarto.
311 359 445 393 Utrum
468 357 663 393 consilium
685 357 730 392 sit
752 358 796 392 de
819 357 1000 398 omnibus,
1024 367 1116 403 quae
1136 367 1154 390 a
1177 355 1283 390 nobis
1305 362 1470 401 aguntur.

133 413 286 454 Quinto.
310 412 443 447 Utrum
466 411 661 447 consilium
684 411 859 457 procedat
880 410 1006 445 ordine
1029 409 1260 445 resolutorie.

131 467 253 502 Sexto.
277 465 410 501 Utrum
433 465 627 501 consilium
649 465 823 512 procedat
845 465 880 499 in
904 464 1096 499 infinitum.

641 608 989 654 ARTICULUS
1027 608 1058 650 Ι.
1591 618 1630 652 81

441 718 596 749 UTRUM
624 718 867 748 CONSILIUM
894 718 962 748 SIT
990 717 1252 753 INQUISITIO.

288 807 371 853 (2-2.
393 819 423 854 q.
446 819 504 854 49.
526 812 589 843 art.
608 820 636 854 5.
660 814 751 855 corp.
772 813 800 843 ct
819 820 845 854 3.
867 807 954 842 Dist.
973 819 1018 854 35.
1041 819 1071 853 q.
1091 818 1122 842 2.
1146 810 1210 841 art.
1233 818 1259 841 I.
1283 805 1405 852 corp).

129 897 189 932 AD
216 907 365 933 PR1MUM
399 897 450 932 sic
478 897 697 944 proceditur.
724 897 888 940 Videtur,
915 897 1012 944 quod
1042 896 1236 931 consilium
1263 906 1337 929 non
1365 895 1409 929 sit
1435 893 1636 941 inquisitio:

55 951 143 987 dicit
163 951 262 987 enirn
280 951 453 987 Damasc.
475 952 551 998 (lib.
567 964 597 987 2.
621 952 717 987 Orth.
734 952 811 987 Fi'd.
826 958 899 999 cap.
922 953 1008 997 22),
1026 951 1123 998 quod
1147 949 1340 985 consilium
1365 957 1417 983 est
1439 948 1635 995 appetitus:

56 1005 118 1041 sed
142 1005 187 1040 ad
209 1006 409 1053 appetitum
431 1017 506 1041 non
528 1006 683 1053 pertinet
704 1006 905 1053 inquirere3
929 1018 1016 1052 ergo
1041 1005 1235 1040 consilium
1254 1015 1328 1038 non
1347 1011 1400 1038 est
1422 1002 1618 1049 inquisitio.

127 1069 159 1094 2.
181 1059 420 1096 PRAETEREA.
442 1060 628 1107 Inquirere
650 1060 856 1095 intellectus
879 1060 1112 1095 discurrentis
1135 1068 1206 1102 est3
1230 1067 1264 1094 et
1283 1059 1332 1093 sic
1352 1058 1434 1093 Deo
1456 1068 1531 1091 non
1552 1068 1635 1091 con-

54 1114 164 1157 venit,
186 1115 288 1161 cujus
311 1114 474 1162 cognitio
495 1126 570 1149 non
592 1122 646 1149 est
667 1115 878 1157 discursiva,
906 1122 944 1149 ut
970 1115 1006 1149 in
1033 1125 1060 1149 1.
1083 1114 1248 1148 habitum
1269 1121 1322 1148 est
1345 1112 1390 1159 (q.
1406 1124 1457 1157 14.
1480 1116 1544 1146 ιιι-ἰ.
1568 1112 1635 1158 7.).-

53 1167 118 1203 sed
133 1167 328 1203 consilium
346 1169 429 1204 Deo
449 1169 669 1204 attribuitur:
690 1169 820 1203 dicitur
838 1169 935 1203 enim
952 1169 995 1202 ad
1010 1168 1142 1215 Ephes.
1167 1179 1194 1202 1.
1215 1167 1312 1214 quod
1328 1175 1498 1214 operatur
1512 1165 1637 1200 onmia

53 1222 255 1258 secundum
278 1222 474 1258 consilium
495 1221 693 1258 voluntatis
712 1234 818 1265 suae3
841 1234 929 1269 ergo
953 1222 1149 1257 consilium
1171 1233 1246 1256 non
1269 1230 1321 1256 est
1343 1221 1539 1268 inquisitio.

127 1287 157 1324 3.
179 1277 418 1313 PRAETEREA.
441 1277 631 1324 Inquisitio
654 1285 708 1312 est
728 1277 772 1312 dc
794 1277 900 1312 rebus
922 1277 1057 1311 dubiis:
1081 1277 1142 1311 sed
1166 1276 1359 1311 consilium
1379 1276 1484 1310 datur
1502 1275 1545 1310 de
1567 1275 1636 1317 his,

53 1341 146 1378 quae
172 1339 256 1367 sunt
281 1331 379 1366 bona
406 1339 516 1374 certa,
543 1331 745 1366 secundum
771 1330 860 1365 illud
887 1331 1017 1378 Apost.
1050 1342 1076 1365 1.
1105 1331 1149 1365 ad
1178 1331 1265 1365 Cor.
1294 1341 1342 1376 7.:
1371 1331 1423 1365 De
1449 1331 1637 1376 virginibus

52 1393 163 1424 autem
177 1393 394 1437 praeceptum
415 1388 559 1423 Domini
580 1399 646 1422 non
668 1387 783 1431 habeo,
807 1387 981 1422 consilium
1005 1391 1113 1422 autem
1135 1386 1197 1427 A0;
1227 1397 1315 1432 ergo
1338 1384 1533 1420 consilium
1560 1395 1635 1419 non

53 1449 106 1477 est
126 1443 324 1490 inquisitio.

124 1497 200 1534 SED
215 1508 372 1534 CONTRA
387 1505 452 1540 est,
471 1497 568 1544 quod
589 1495 744 1543 Gregor.
763 1496 872 1543 Nyss.
892 1496 970 1542 (vel.
990 1496 1118 1531 Nemes.
1139 1496 1195 1530 lib.
1216 1494 1252 1530 de
1270 1495 1351 1530 Nat.
1370 1495 1474 1529 Hom.
1493 1500 1566 1541 cap.
1580 1504 1631 1540 34.

51 1553 88 1588 in
103 1553 233 1601 princ.)
257 1551 361 1588 dicit:
385 1551 493 1588 Omna
513 1550 644 1598 quidem
665 1552 838 1586 consilium
860 1552 1008 1598 quaestio
1038 1556 1092 1593 est,
1124 1562 1191 1584 non
1219 1554 1328 1584 autem
1359 1550 1464 1584 omnis
1490 1549 1632 1595 quaestio

51 1605 236 1642 consilium.

123 1660 356 1696 RESPONDEO
379 1659 588 1703 dicendum,
610 1660 708 1707 quod
731 1659 874 1702 electio,
902 1659 995 1694 sicut
1020 1659 1159 1693 dictum
1187 1666 1239 1693 est
1267 1658 1314 1704 (q.
1341 1664 1455 1705 prasc.
1483 1662 1547 1692 art.
1574 1656 1633 1701 1.)‚

52 1715 286 1763 consequitur
298 1714 474 1762 judicium
488 1715 639 1750 rationis
658 1714 702 1749 de
720 1714 826 1749 rebus
845 1713 1013 1761 agendis:
1033 1713 1069 1747 in
1088 1713 1193 1747 rebus
1212 1721 1334 1747 autem
1355 1711 1503 1758 agendis
1518 1711 1633 1745 multa

50 1769 270 1805 incertitudo
291 1769 491 1804 invenitur:
514 1769 599 1816 quia
621 1769 784 1804 actiones
807 1777 890 1803 sunt
917 1769 1013 1802 circa
1035 1767 1234 1814 singularia
1257 1767 1517 1813 contingentia,
1541 1778 1632 1813 quae

50 1832 198 1872 propter
218 1823 274 1859 sui
290 1823 570 1858 variabilitatem
588 1823 724 1858 incerta
743 1831 844 1858 sunt:
863 1823 899 1857 in
918 1823 1023 1857 rebus
1039 1829 1160 1856 autem
1177 1821 1304 1863 dubiis,
1324 1829 1359 1855 et
1377 1820 1522 1855 incertis
1541 1820 1632 1854 ratio

49 1889 125 1916 non
147 1877 283 1926 profert
302 1877 479 1925 judicium
502 1877 637 1925 absque
658 1877 893 1924 inquisitione
916 1876 1169 1924 praecedente,
1193 1883 1227 1910 et
1248 1875 1331 1909 ideo
1353 1875 1558 1910 necessaria
1581 1882 1633 1909 est

0 1944 4 1959 ·-
49 1932 235 1980 inquisitio
263 1932 412 1968 rationis
439 1939 521 1966 ante
548 1931 724 1978 judicium
751 1931 794 1966 de
822 1931 1009 1978 eligendis.
1037 1930 1081 1965 Et
1113 1930 1205 1965 haec
1242 1929 1428 1976 inquisitio
1459 1929 1633 1964 consilium

49 1995 214 2031 vocatur,
235 1995 382 2034 propter
403 1986 501 2033 quod
523 1986 660 2022 Philos.
684 1986 770 2022 dicit
792 1986 828 2020 in
854 1997 882 2033 3.
906 1985 1022 2020 Ethic.
1048 1985 1136 2032 (cap.
1155 1997 1183 2032 3.
1208 1986 1268 2020 cir.
1283 1985 1363 2031 fin.)
1383 1983 1480 2031 quod
1500 1983 1631 2018 electio

50 2048 104 2076 est
124 2041 301 2089 appetitus
322 2040 604 2088 praeconsiliati.

121 2095 183 2131 AD
209 2106 360 2132 PRIMUM
382 2106 470 2143 ergo
501 2094 710 2138 dicendum,
733 2094 830 2142 quod
853 2094 999 2141 quando
1023 2102 1124 2129 actus
1146 2093 1300 2128 duarum
1322 2092 1567 2140 potentiarum
1588 2091 1630 2126 ad

49 2148 208 2185 invicem
229 2149 454 2193 ordinantur,
475 2149 512 2184 in
534 2157 688 2197 utroque
708 2157 762 2184 est
781 2148 927 2195 aliquid,
947 2148 1044 2195 quod
1063 2156 1117 2183 est
1135 2147 1281 2182 alterius
1300 2147 1473 2194 potentia,
1496 2154 1531 2180 et
1548 2146 1630 2180 ideo

49 2211 200 2251 uterque
222 2212 322 2239 actus
344 2204 386 2239 ab
409 2211 560 2251 utraque
583 2203 745 2251 potentia
767 2202 997 2237 denominari
1018 2210 1148 2250 potest.
1170 2201 1403 2236 Manifestum
1425 2208 1477 2236 est
1496 2208 1630 2241 autem,

50 2258 148 2306 quod
167 2266 268 2294 actus
290 2258 440 2293 rationis
462 2258 648 2305 dirigentis
670 2258 706 2292 in
729 2258 785 2292 his
807 2269 899 2304 quae
921 2265 1005 2292 sunt
1027 2257 1070 2291 ad
1093 2256 1216 2299 finem,
1244 2265 1278 2291 et
1306 2264 1406 2290 actus
1432 2255 1630 2290 voluntatis

49 2312 252 2348 secundum
274 2312 438 2360 regimen
460 2312 610 2347 rationis
633 2312 669 2347 in
691 2323 735 2347 ea
756 2311 947 2354 tendentis,
971 2311 1015 2345 ad
1038 2323 1075 2346 se
1098 2311 1256 2345 invicem
1280 2310 1511 2352 ordinantur3
1534 2309 1629 2343 unde

50 2374 86 2402 et
105 2366 143 2402 in
165 2374 247 2402 actu
267 2366 476 2410 voluntatis,
499 2366 560 2414 qui
582 2375 636 2401 est
657 2365 800 2409 electio,
823 2374 972 2413 apparet
999 2365 1133 2412 aliquid
1163 2365 1325 2407 rationis,
1352 2363 1491 2399 scilicet
1518 2363 1629 2405 ordo;

40 2429 86 2456 ·et
105 2421 142 2456 in
164 2420 332 2464 consilio,
353 2421 451 2468 quod
474 2429 528 2456 est
549 2429 649 2455 actus
672 2420 834 2463 rationis,
862 2427 1010 2467 apparet
1037 2419 1171 2466 aliquid
1198 2418 1408 2461 voluntatis,
1435 2417 1528 2452 sicut
1558 2429 1630 2451 ma-

47 2475 149 2519 teria,
171 2475 255 2523 quia
276 2474 471 2511 consilium
493 2483 547 2510 est
568 2474 611 2510 de
633 2475 702 2517 his,
724 2486 816 2522 quae
838 2474 954 2509 homo
976 2473 1054 2509 vult
1075 2473 1206 2516 facere,
1229 2481 1263 2508 et
1285 2473 1395 2508 etiam
1421 2471 1483 2518 [al.
1511 2477 1539 2506 et
1568 2471 1626 2516 est]

48 2529 140 2566 sicut
152 2529 352 2573 motivum3
374 2530 458 2576 quia
479 2540 521 2564 ex
543 2529 615 2564 hoc
631 2529 728 2576 quod
743 2529 859 2564 homo
877 2528 954 2563 vult
972 2527 1094 2570 finem,
1109 2536 1279 2563 movetur
1301 2527 1344 2561 ad
1367 2526 1562 2562 consilium
1585 2525 1628 2560 de

22 2574 24 2579 ⁷
48 2582 117 2627 his,
135 2594 227 2631 quae
249 2591 332 2619 sunt
353 2583 397 2618 ad
419 2582 541 2618 finem.
564 2583 608 2618 Et
626 2583 708 2618 ideo
728 2582 867 2618 Philos.
887 2583 974 2617 dicit
996 2584 1030 2617 in
1050 2580 1083 2618 6.
1103 2582 1220 2616 Ethic.
1237 2580 1324 2629 (rap.
1341 2582 1388 2627 2.)
1406 2580 1503 2627 quod
1519 2580 1628 2614 electio

48 2642 91 2673 est
112 2638 287 2674 intellectus
308 2639 516 2685 appetitivus,
541 2645 579 2672 ut
601 2637 645 2672 ad
667 2637 887 2672 electionem
910 2644 1104 2683 utrumque
1127 2647 1344 2671 concurrere
1367 2634 1553 2669 ostendat:
1581 2633 1629 2668 ita

46 2689 219 2728 Damasc.
242 2691 329 2727 dicit
351 2691 429 2737 (loc.
451 2698 520 2738 sup.
543 2693 638 2738 cit.):
664 2691 848 2728 Consilium
875 2697 917 2727 est
934 2693 1092 2739 appetitus
1115 2693 1336 2738 inquisiti-uus,
1368 2699 1406 2725 ut
1434 2689 1628 2724 consilium

50 2744 172 2794 aliquo
190 2745 304 2781 modo
327 2746 506 2794 pertinere
528 2746 696 2781 ostendat
718 2755 752 2781 et
774 2746 818 2781 ad
841 2745 1081 2788 voluntatem,
1105 2746 1202 2780 circa
1224 2757 1346 2792 quam,
1369 2752 1403 2779 et
1430 2755 1472 2779 ex
1499 2755 1569 2791 qua
1591 2743 1629 2778 fit

38 2796 246 2847 ·inquisiti0,
267 2808 302 2835 et
323 2800 368 2835 ad
390 2800 571 2835 rationem
593 2800 847 2847 inquirentem.

121 2853 181 2889 AD
204 2865 412 2890 SECUNDUM
427 2854 636 2898 dicendum,
650 2855 747 2902 quod
771 2867 812 2890 ea
835 2866 927 2902 quae
950 2855 1118 2890 dicuntur
1140 2855 1182 2890 de
1202 2855 1296 2896 Dm,
1316 2852 1527 2899 accipienda
1546 2861 1629 2888 sunt

50 2906 184 2955 absque
205 2909 308 2944 omni
328 2907 482 2952 defectu,
505 2909 566 2956 qui
587 2909 768 2944 invenitur
789 2910 825 2944 in
847 2910 970 2944 nobis:
994 2910 1086 2945 sicut
1107 2910 1143 2943 in
1165 2909 1270 2943 nobis
1292 2909 1442 2944 scientia
1465 2916 1518 2943 est
1545 2919 1631 2943 con-

51 2960 256 2997 clusionum
278 2973 342 3010 per
362 2962 566 2998 discursum
589 2975 608 2999 a
631 2964 748 2999 causis
771 2966 805 2999 in
829 2963 997 2999 effectus:
1021 2963 1082 2998 sed
1106 2964 1257 2999 scientia
1284 2963 1378 2998 dicta
1407 2963 1450 2998 de
1478 2964 1559 2998 Deo
1587 2964 1629 2998 si-
