1907 3182
241 192 324 234 302
667 192 889 227 QUAESTIO
923 192 1009 220 XLI.
1043 191 1289 221 ARTICULUS
1323 191 1367 221 11.

312 282 343 306 2.
366 272 603 307 PRAETEREA.
631 273 768 307 Philos.
792 273 878 307 dicit
899 273 934 306 in
957 272 989 306 6.
1013 273 1128 306 Ethic.
1153 273 1241 318 (cap.
1265 284 1296 307 2.
1324 273 1384 306 cir.
1405 272 1549 318 priua),
1578 271 1675 317 quod
1702 272 1751 306 ita
1778 283 1815 306 se

240 326 349 359 habet
370 326 406 359 in
429 327 588 372 appetitu
611 327 830 372 prosecutio,
851 335 884 360 et
902 326 999 371 fuga,
1019 326 1111 359 sicut
1124 326 1159 359 in
1175 325 1361 359 intellectu
1378 324 1583 366 affirmatio,
1598 332 1633 359 et
1649 325 1814 371 negatio:

240 381 302 415 sed
324 382 470 426 negatio
493 393 568 414 non
595 389 647 415 est
675 381 808 426 aliquid
836 380 993 426 speciale
1020 380 1055 413 in
1084 377 1281 421 intellectu,
1308 379 1401 413 sicut
1426 390 1491 412 nec
1520 378 1726 420 affirmatio,
1753 379 1815 413 sed

240 434 374 480 aliquid
398 446 594 468 commune
618 434 661 468 ad
684 434 819 474 multa;
843 444 929 478 ergo
952 444 1018 467 nec
1041 432 1127 478 fuga
1148 433 1184 466 in
1212 433 1390 478 appetitu:
1422 434 1484 466 sed
1515 431 1607 466 nihil
1637 440 1691 466 est
1719 431 1815 466 aliud

239 487 360 529 timor,
384 499 493 533 quam
515 487 600 533 fuga
623 487 802 532 quaedam
825 487 930 528 mali;
954 497 1041 531 ergo
1063 486 1174 520 timor
1194 497 1270 519 non
1293 493 1345 520 est
1366 479 1486 532 passio
1509 485 1688 531 specialis.

314 552 341 586 3.
365 541 602 574 PRAETEREA.
619 540 658 574 Si
679 541 790 573 timor
812 548 905 573 esset
923 540 1043 585 passio
1059 538 1237 585 specialis,
1252 539 1445 585 praecipue
1463 539 1500 572 in
1518 537 1689 572 irascibili
1704 547 1813 572 esset:

240 602 292 628 est
307 603 428 628 autem
439 594 549 628 timor
559 595 668 628 etiam
683 594 718 626 in
735 592 1028 638 concupiscibili:
1045 593 1131 626 dicit
1145 592 1240 626 enim
1257 591 1394 626 Philos.
1408 592 1445 626 in
1460 602 1491 625 2.
1506 591 1656 626 Rhetor.
1668 592 1757 638 (cap.
1768 593 1812 637 5.)

240 648 336 693 quod
360 649 462 682 timor
482 652 524 681 est
546 648 682 681 tristitia
704 646 877 692 quaedam,
902 654 937 680 et
957 646 1129 679 Damasc.
1154 645 1240 679 dicit
1266 645 1342 690 (lib.
1366 657 1394 692 3.
1425 646 1520 680 Orth.
1544 645 1623 680 Fid.
1646 651 1717 691 cap.
1736 646 1815 691 23),

239 700 336 746 quod
359 702 459 734 timor
480 705 522 734 cst
542 702 650 734 virtus
672 700 915 734 tlusidmztiva:
939 699 1081 733 tristitia
1105 707 1238 740 autem,
1262 706 1296 732 et
1318 698 1537 733 desiderium
1559 706 1643 732 sunt
1668 699 1704 732 in
1733 709 1816 732 con-

239 753 448 799 cupiscibili,
464 761 502 787 ut
516 765 623 799 supra
639 753 776 786 dictum
793 761 846 786 est
863 753 907 798 (q.
920 765 972 799 30.
985 757 1066 799 et35.
1083 752 1225 796 a1't.1.)‚·
1242 763 1316 785 non
1332 760 1385 786 est
1399 763 1486 797 ergo
1501 751 1621 797 passio
1637 751 1814 798 specialis,

239 818 325 840 cum
348 807 524 853 pertineat
546 807 588 840 ad
611 806 771 840 diversas
793 807 984 852 potentias.

311 860 386 894 SED
414 871 569 894 CONTRA
597 868 660 901 est,
688 860 785 905 quod
814 860 926 893 timor
957 859 1199 893 condividitur
1229 858 1307 892 aliis
1337 858 1564 904 passionibus
1595 858 1751 900 animae,
1778 866 1816 892 ut

238 922 335 960 patet
357 925 419 960 per
440 914 611 947 Damaso.
634 914 670 946 in
693 923 723 946 2.
747 913 806 947 lib.
831 913 947 957 (Orth.
971 912 1046 947 Fid.
1070 918 1142 958 cap.
1165 913 1238 957 15.)-

309 967 539 1001 REsPONDEo
562 967 769 1009 dicendum,
792 967 889 1012 quod
912 966 1099 1013 passiones
1122 966 1265 999 animae
1288 965 1467 1011 recipiunt
1488 965 1649 1011 speciem
1665 976 1707 999 ex
1721 965 1815 1011 obje-

239 1021 323 1054 ctis:
347 1021 440 1054 unde
463 1020 631 1066 specialis
653 1020 773 1066 passio
797 1028 860 1061 est,
889 1031 981 1065 quae
1007 1019 1117 1053 habet
1144 1018 1301 1065 speciale
1329 1019 1533 1064 objectum:
1559 1019 1671 1053 timor
1693 1026 1815 1053 autem

238 1074 347 1108 habet
368 1073 524 1119 speciale
548 1074 744 1119 objectum,
767 1073 859 1107 sicut
881 1081 915 1107 et
937 1084 1035 1118 spes:
1058 1073 1151 1107 sicut
1173 1072 1271 1106 enim
1293 1072 1478 1118 objectum
1505 1072 1581 1118 spei
1603 1080 1656 1106 est
1676 1073 1814 1106 bonum

238 1126 398 1160 futurum
422 1127 575 1160 arduum
596 1127 767 1172 possibile
791 1127 959 1172 adipisci:
983 1127 1031 1160 ita
1054 1126 1238 1172 objectum
1260 1126 1402 1160 timoris
1425 1134 1478 1160 est
1496 1125 1636 1159 malum
1653 1125 1814 1160 futurum

241 1180 397 1221 difficile,
421 1181 478 1213 cui
500 1181 616 1214 resisti
637 1191 711 1214 non
734 1188 871 1226 potest:
894 1180 989 1213 unde
1012 1181 1112 1213 timor
1133 1185 1177 1214 est
1197 1179 1345 1225 specialis
1359 1180 1470 1226 passio
1493 1180 1636 1214 animae.

308 1233 369 1267 AD
392 1244 543 1268 PRIMUM
566 1245 653 1279 ergo
677 1233 883 1275 dicendum,
906 1233 1002 1279 quod
1023 1244 1151 1266 omnes
1171 1233 1357 1278 passiones
1380 1232 1524 1266 animae
1547 1232 1754 1267 derivantur
1773 1244 1815 1267 ex

238 1298 310 1320 uno
333 1287 522 1333 principio,
546 1287 685 1320 scilicet
707 1298 748 1320 ex
771 1298 908 1328 amore,
931 1287 967 1320 in
989 1298 1061 1332 quo
1084 1286 1221 1320 habent
1235 1286 1279 1319 ad
1294 1286 1454 1320 invicem
1469 1285 1738 1320 connexionem
1754 1299 1762 1328 3
1781 1294 1816 1321 et

238 1341 377 1374 ratione
392 1341 498 1386 hujus
514 1340 763 1382 connexionis,
779 1348 922 1374 remoto
940 1340 1084 1381 timore,
1100 1347 1336 1373 removentur
1351 1339 1443 1373 aliae
1456 1340 1644 1385 passiones
1659 1340 1814 1382 animae,

237 1405 311 1427 non
334 1394 417 1428 ideo
441 1395 524 1440 quia
548 1395 592 1428 sit
614 1394 732 1439 passio
756 1394 946 1439 generalis.

309 1447 367 1480 AD
384 1458 591 1481 SECUNDUM
615 1447 821 1489 dicendum,
844 1448 941 1493 quod
965 1459 1040 1480 non
1064 1448 1183 1481 omnis
1206 1446 1291 1492 fuga
1320 1447 1497 1493 appetitus
1525 1455 1579 1481 est
1604 1447 1726 1489 timor,
1752 1448 1813 1482 sed

240 1500 323 1547 fuga
347 1501 388 1534 ab
413 1501 534 1547 aliquo
561 1500 711 1547 speciali
738 1501 894 1545 objecto,
921 1509 959 1535 ut
985 1501 1122 1535 dictum
1150 1508 1202 1534 est
1229 1501 1281 1545 (in
1309 1507 1400 1547 corp.
1428 1501 1520 1544 art),
1549 1509 1584 1535 et
1609 1501 1704 1543 ideo,
1731 1500 1816 1535 licet

240 1554 323 1600 fuga
344 1555 387 1588 sit
410 1555 594 1600 quoddam
618 1554 798 1600 generale,
821 1563 944 1588 tamen
966 1556 1076 1588 timor
1098 1562 1151 1588 est
1172 1555 1292 1600 passio
1316 1554 1494 1600 specialis.

309 1608 368 1642 AD
385 1618 557 1642 TERTIUM
580 1608 786 1650 dicendum,
809 1608 906 1654 quod
928 1608 1038 1642 timor
1059 1608 1161 1642 nullo
1185 1608 1296 1642 modo
1313 1608 1414 1642 estin
1430 1607 1724 1654 concupiscibili:
1739 1620 1814 1643 non

238 1662 335 1696 enim
358 1662 503 1707 respicit
525 1661 664 1695 malum
687 1661 862 1703 absolute,
886 1661 947 1695 sed
971 1673 1054 1695 cum
1078 1662 1235 1707 quadam
1258 1660 1480 1703 difficultate,
1502 1661 1561 1695 vel
1575 1661 1763 1704 arduitate,
1777 1670 1815 1696 ut

238 1715 269 1749 ei
291 1715 407 1749 resisti
428 1716 485 1748 vix
508 1715 639 1760 possit:
663 1715 724 1749 sed
751 1715 834 1761 quia
865 1715 1053 1760 passiones
1080 1714 1268 1749 irascibilis
1300 1714 1507 1749 derivantur
1537 1727 1556 1749 a
1586 1715 1814 1761 passionibus

238 1769 542 1815 concupiscibilis,
566 1777 600 1803 et
623 1769 665 1802 ad
689 1780 748 1802 eas
771 1769 1023 1810 terminantur,
1046 1776 1084 1802 ut
1102 1780 1208 1814 supra
1224 1768 1361 1802 dictum
1381 1776 1434 1802 est
1448 1769 1495 1814 (q.
1511 1780 1558 1815 25.
1574 1774 1639 1804 art.
1654 1770 1713 1814 L),
1730 1769 1812 1803 ideo

235 1823 359 1856 timori
380 1823 620 1856 attribuuntur
643 1833 696 1864 ea,
716 1833 807 1868 quae
829 1830 912 1856 sunt
934 1821 1237 1867 concupiscibilis.
1256 1822 1398 1856 Dicitur
1416 1823 1513 1856 enim
1534 1823 1645 1857 timor
1659 1834 1737 1857 esse
1758 1823 1816 1857 tri-

237 1876 342 1917 stitia,
372 1878 585 1921 inquantum
614 1876 798 1921 objectum
825 1875 966 1909 timoris
989 1883 1042 1909 est
1064 1877 1293 1917 contristans,
1315 1876 1345 1910 si
1365 1887 1536 1922 praesens
1561 1875 1686 1910 fuerit:
1714 1876 1809 1910 unde

236 1937 271 1963 et
291 1929 427 1963 Philos.
452 1929 538 1963 dicit
559 1929 641 1963 ibid.
665 1929 763 1974 quod
785 1929 895 1962 timor
917 1929 1081 1974 procedit
1103 1940 1144 1963 ex
1163 1929 1354 1975 phantasia
1374 1928 1484 1963 futuri
1505 1929 1593 1963 mali
1615 1929 1813 1975 corruptivi

235 1982 292 2016 vel
315 1983 562 2016 contristativi.
592 1982 768 2016 Similiter
790 1991 824 2016 et
846 1982 1066 2016 desiderium
1095 1983 1296 2016 attribuitur
1319 1994 1338 2016 a
1359 1983 1533 2017 Darnasc.
1560 1983 1700 2018 timori:
1729 1983 1813 2029 quia

235 2036 328 2069 sicut
349 2047 429 2081 spes
453 2045 631 2077 causatur,
654 2035 711 2070 vel
734 2036 846 2069 oritur
866 2047 884 2069 a
907 2035 1085 2070 desiderio
1107 2036 1210 2071 boni:
1232 2036 1281 2070 ita
1303 2037 1414 2070 timor
1441 2044 1494 2070 est
1519 2047 1561 2070 ex
1587 2035 1673 2082 fuga
1699 2037 1810 2070 mali:

234 2089 319 2136 fuga
335 2099 455 2124 autern
475 2090 561 2123 mali
577 2091 690 2123 oritur
705 2101 746 2123 ex
762 2090 940 2124 desiderio
964 2089 1062 2132 boni,
1085 2098 1123 2124 ut
1144 2101 1186 2124 ex
1208 2101 1315 2136 supra
1338 2090 1442 2124 dictis
1463 2097 1561 2136 patet
1576 2090 1622 2136 (q.
1638 2101 1685 2136 25.
1701 2095 1766 2124 art.
1781 2101 1813 2125 2.

236 2149 262 2178 εἰ
284 2155 313 2188 q.
337 2155 391 2189 29.
415 2149 477 2177 tzrl.
501 2156 531 2178 2.
552 2148 580 2177 et
602 2156 630 2189 q.
651 2144 703 2189 36.
727 2148 790 2177 art.
811 2144 870 2187 2.).

791 2298 1138 2342 ARTICULUS
1172 2298 1251 2340 III.
1748 2321 1762 2337 η
1796 2323 1808 2334 ,

565 2419 718 2448 UTRUM
746 2420 813 2448 SIT
841 2420 1016 2456 ALIQUIS
1052 2421 1192 2450 TIMOR
1220 2420 1480 2451 NATURALIS.

309 2519 368 2552 AD
391 2529 562 2553 TERTIUM
583 2519 633 2552 sic
656 2519 873 2564 proceditur.
893 2519 1055 2562 Videtur,
1071 2520 1168 2566 quod
1183 2520 1294 2554 timor
1316 2520 1445 2566 aliquis
1461 2520 1505 2554 sit
1520 2519 1710 2556 naturalis:
1726 2520 1812 2556 dicit

236 2573 333 2606 enim
356 2573 527 2606 Damasc.
551 2573 585 2605 in
618 2583 644 2617 3.
668 2571 726 2605 lib.
752 2572 866 2615 (Orth.
892 2573 964 2607 Fid.
988 2580 1058 2620 cap.
1087 2575 1183 2620 23.1'n.
1203 2575 1329 2619 princ.)
1341 2574 1437 2620 quod
1461 2582 1514 2608 est
1535 2573 1683 2620 quidam
1701 2574 1812 2609 timor

237 2626 421 2667 naturalis,
440 2625 587 2659 nolente
611 2625 731 2658 anima
755 2626 865 2659 dividi
888 2638 906 2660 a
935 2638 1099 2672 corpore.

309 2690 337 2713 2.
362 2680 597 2713 PRAEFEREA.
618 2678 747 2712 Timor
766 2690 807 2712 ex
824 2691 948 2713 amore
965 2681 1088 2722 oritur,
1104 2688 1141 2714 ut
1163 2681 1301 2714 dictum
1316 2688 1368 2715 est
1384 2680 1588 2728 (art.prae-c.
1607 2680 1650 2715 ad
1670 2682 1729 2726 1.):
1749 2680 1811 2715 sed

237 2741 288 2767 est
303 2733 431 2778 aliquis
448 2744 552 2766 amor
565 2732 749 2773 naturalis,
773 2741 810 2766 ut
832 2733 940 2766 Dion.
957 2734 1043 2767 dicit
1057 2744 1088 2776 4.
1110 2745 1187 2780 cap.
1203 2734 1246 2767 dc
1263 2734 1344 2768 Div.
1362 2733 1473 2768 Nom.
1487 2735 1590 2780 (part.
1610 2746 1640 2770 2.
1660 2734 1728 2769 lect.
1744 2734 1808 2780 9.);

237 2798 324 2830 crgo
348 2788 455 2820 ctiam
481 2794 533 2820 est
556 2786 684 2832 aliquis
707 2786 816 2820 timor
838 2787 1022 2820 naturalis.

313 2851 339 2883 3.
363 2840 600 2874 Pam-:within
625 2839 756 2874 Timor
780 2840 974 2885 opponitur
1002 2841 1089 2885 spei,
1117 2849 1154 2874 ut
1177 2852 1283 2887 supra
1311 2841 1448 2875 dictum
1471 2850 1524 2876 est
1542 2842 1590 2887 (q.
1613 2843 1673 2886 4οξ
1693 2847 1756 2876 art.
1774 2853 1808 2886 4.

235 2893 278 2926 ad
302 2895 357 2938 1.):
386 2894 446 2927 scd
470 2902 522 2927 cst
545 2893 662 2939 aliqua
686 2904 766 2939 spes
794 2901 954 2935 naturae,
979 2902 1014 2927 ut
1038 2902 1133 2939 patet
1156 2905 1216 2940 per
1244 2894 1277 2928 id
1305 2895 1402 2940 quod
1425 2895 1556 2929 dicitur
1577 2894 1684 2930 Rom.
1707 2906 1740 2938 4.
1763 2895 1806 2929 de
