<?xml version="1.0" encoding="UTF-8"?>
<!DOCTYPE html PUBLIC "-//W3C//DTD XHTML 1.0 Transitional//EN"
    "http://www.w3.org/TR/xhtml1/DTD/xhtml1-transitional.dtd">
<html xmlns="http://www.w3.org/1999/xhtml" xml:lang="en" lang="en">
 <head>
  <title>
</title>
<meta http-equiv="Content-Type" content="text/html;charset=utf-8" />
  <meta name='ocr-system' content='tesseract 3.04.00' />
  <meta name='ocr-capabilities' content='ocr_page ocr_carea ocr_par ocr_line ocrx_word'/>
</head>
<body>
  <div class='ocr_page' id='page_1' title='image "./divithomaeaquina02thomuoft_0011.png"; bbox 0 0 1907 3214; ppageno 0'>
   <div class='ocr_carea' id='block_1_1' title="bbox 3 1606 10 1619">
    <p class='ocr_par' dir='ltr' id='par_1_1' title="bbox 3 1606 10 1619">
     <span class='ocr_line' id='line_1_1' title="bbox 3 1606 10 1619; textangle 90"><span class='ocrx_word' id='word_1_1' title='bbox 3 1606 10 1619; x_wconf 49' lang='grc' dir='ltr'>μ</span> 
     </span>
    </p>
   </div>
   <div class='ocr_carea' id='block_1_2' title="bbox 0 1684 26 2118">
    <p class='ocr_par' dir='ltr' id='par_1_2' title="bbox 0 1684 26 2118">
     <span class='ocr_line' id='line_1_2' title="bbox 0 1684 26 2118; textangle 90"><span class='ocrx_word' id='word_1_2' title='bbox 0 1726 26 2118; x_wconf 55' lang='lat' dir='ltr'>-p-mm—›v-</span> <span class='ocrx_word' id='word_1_3' title='bbox 5 1684 14 1696; x_wconf 85' lang='lat'>··</span> 
     </span>
    </p>
   </div>
   <div class='ocr_carea' id='block_1_3' title="bbox 518 190 1699 235">
    <p class='ocr_par' dir='ltr' id='par_1_3' title="bbox 518 190 1699 235">
     <span class='ocr_line' id='line_1_3' title="bbox 518 190 1699 235; baseline 0 -14"><span class='ocrx_word' id='word_1_4' title='bbox 518 192 654 223; x_wconf 81' lang='lat' dir='ltr'><strong>INDEX</strong></span> <span class='ocrx_word' id='word_1_5' title='bbox 688 190 849 223; x_wconf 76' lang='lat' dir='ltr'>PRIMAE</span> <span class='ocrx_word' id='word_1_6' title='bbox 881 191 1111 224; x_wconf 83' lang='lat' dir='ltr'>SECUNDAE</span> <span class='ocrx_word' id='word_1_7' title='bbox 1143 191 1309 222; x_wconf 86' lang='lat' dir='ltr'>PARTIS.</span> <span class='ocrx_word' id='word_1_8' title='bbox 1674 192 1699 235; x_wconf 86' lang='lat'>7</span> 
     </span>
    </p>
   </div>
   <div class='ocr_carea' id='block_1_4' title="bbox 355 271 666 304">
    <p class='ocr_par' dir='ltr' id='par_1_4' title="bbox 355 271 666 304">
     <span class='ocr_line' id='line_1_4' title="bbox 355 271 666 304; baseline -0.016 -1"><span class='ocrx_word' id='word_1_9' title='bbox 355 271 550 304; x_wconf 74' lang='lat' dir='ltr'>QUAESTlo</span> <span class='ocrx_word' id='word_1_10' title='bbox 572 271 666 300; x_wconf 90' lang='lat' dir='ltr'>XVII.</span> 
     </span>
    </p>
   </div>
   <div class='ocr_carea' id='block_1_5' title="bbox 260 331 760 368">
    <p class='ocr_par' dir='ltr' id='par_1_5' title="bbox 260 331 760 368">
     <span class='ocr_line' id='line_1_5' title="bbox 260 331 760 368; baseline 0.002 -10"><span class='ocrx_word' id='word_1_11' title='bbox 260 331 301 358; x_wconf 84' lang='lat' dir='ltr'>De</span> <span class='ocrx_word' id='word_1_12' title='bbox 319 332 415 358; x_wconf 75' lang='lat' dir='ltr'>actibus</span> <span class='ocrx_word' id='word_1_13' title='bbox 433 332 564 368; x_wconf 73' lang='lat' dir='ltr'>imperatis</span> <span class='ocrx_word' id='word_1_14' title='bbox 582 341 599 359; x_wconf 80' lang='lat' dir='ltr'>a</span> <span class='ocrx_word' id='word_1_15' title='bbox 617 331 760 359; x_wconf 73' lang='lat' dir='ltr'>voluntate.</span> 
     </span>
    </p>
   </div>
   <div class='ocr_carea' id='block_1_6' title="bbox 129 396 888 676">
    <p class='ocr_par' dir='ltr' id='par_1_6' title="bbox 129 396 888 676">
     <span class='ocr_line' id='line_1_6' title="bbox 134 396 888 435; baseline -0.004 -9"><span class='ocrx_word' id='word_1_16' title='bbox 134 407 157 426; x_wconf 87' lang='lat' dir='ltr'>t.</span> <span class='ocrx_word' id='word_1_17' title='bbox 179 398 277 426; x_wconf 86' lang='lat' dir='ltr'>Utrum</span> <span class='ocrx_word' id='word_1_18' title='bbox 298 400 430 435; x_wconf 87' lang='lat' dir='ltr'>imperare</span> <span class='ocrx_word' id='word_1_19' title='bbox 455 399 492 426; x_wconf 89' lang='lat' dir='ltr'>sit</span> <span class='ocrx_word' id='word_1_20' title='bbox 510 405 589 426; x_wconf 84' lang='lat' dir='ltr'>actus</span> <span class='ocrx_word' id='word_1_21' title='bbox 613 398 742 433; x_wconf 76' lang='lat' dir='ltr'>rationis,</span> <span class='ocrx_word' id='word_1_22' title='bbox 768 396 812 424; x_wconf 85' lang='lat' dir='ltr'>vel</span> <span class='ocrx_word' id='word_1_23' title='bbox 839 405 888 424; x_wconf 89' lang='lat' dir='ltr'>vo-</span> 
     </span>
     <span class='ocr_line' id='line_1_7' title="bbox 218 440 342 467; baseline 0 -1"><span class='ocrx_word' id='word_1_24' title='bbox 218 440 342 467; x_wconf 87' lang='lat' dir='ltr'>luntatis.</span> 
     </span>
     <span class='ocr_line' id='line_1_8' title="bbox 129 479 886 518; baseline -0.004 -9"><span class='ocrx_word' id='word_1_25' title='bbox 129 491 156 509; x_wconf 87' lang='lat' dir='ltr'>a.</span> <span class='ocrx_word' id='word_1_26' title='bbox 178 481 277 509; x_wconf 83' lang='lat' dir='ltr'>Utrum</span> <span class='ocrx_word' id='word_1_27' title='bbox 297 483 428 517; x_wconf 88' lang='lat' dir='ltr'>imperare</span> <span class='ocrx_word' id='word_1_28' title='bbox 448 482 583 518; x_wconf 77' lang='lat' dir='ltr'>pertineat</span> <span class='ocrx_word' id='word_1_29' title='bbox 603 481 636 507; x_wconf 88' lang='lat' dir='ltr'>ad</span> <span class='ocrx_word' id='word_1_30' title='bbox 657 480 735 508; x_wconf 90' lang='lat' dir='ltr'>bruta</span> <span class='ocrx_word' id='word_1_31' title='bbox 748 479 886 506; x_wconf 81' lang='lat' dir='ltr'>animalia.</span> 
     </span>
     <span class='ocr_line' id='line_1_9' title="bbox 133 521 887 559; baseline -0.003 -9"><span class='ocrx_word' id='word_1_32' title='bbox 133 531 159 558; x_wconf 85' lang='lat'>3.</span> <span class='ocrx_word' id='word_1_33' title='bbox 180 523 279 551; x_wconf 82' lang='lat' dir='ltr'>Utrum</span> <span class='ocrx_word' id='word_1_34' title='bbox 299 524 442 559; x_wconf 79' lang='lat' dir='ltr'>imperium</span> <span class='ocrx_word' id='word_1_35' title='bbox 462 523 607 558; x_wconf 73' lang='lat' dir='ltr'>praecedat</span> <span class='ocrx_word' id='word_1_36' title='bbox 619 530 709 554; x_wconf 93' lang='lat' dir='ltr'>usum,</span> <span class='ocrx_word' id='word_1_37' title='bbox 723 521 767 548; x_wconf 89' lang='lat' dir='ltr'>vel</span> <span class='ocrx_word' id='word_1_38' title='bbox 786 530 801 548; x_wconf 88' lang='lat' dir='ltr'>e</span> <span class='ocrx_word' id='word_1_39' title='bbox 821 530 887 548; x_wconf 83' lang='lat' dir='ltr'>eon-</span> 
     </span>
     <span class='ocr_line' id='line_1_10' title="bbox 216 572 307 594; baseline 0 -4"><span class='ocrx_word' id='word_1_40' title='bbox 216 572 307 594; x_wconf 83' lang='lat' dir='ltr'>verso,</span> 
     </span>
     <span class='ocr_line' id='line_1_11' title="bbox 150 605 886 642; baseline -0.003 -10"><span class='ocrx_word' id='word_1_41' title='bbox 150 626 157 632; x_wconf 94' lang='lat'>.</span> <span class='ocrx_word' id='word_1_42' title='bbox 177 605 276 637; x_wconf 83' lang='lat' dir='ltr'>Utrum</span> <span class='ocrx_word' id='word_1_43' title='bbox 290 606 446 641; x_wconf 87' lang='lat' dir='ltr'>imperium,</span> <span class='ocrx_word' id='word_1_44' title='bbox 457 612 484 632; x_wconf 91' lang='lat' dir='ltr'>et</span> <span class='ocrx_word' id='word_1_45' title='bbox 495 612 573 632; x_wconf 80' lang='lat' dir='ltr'>actus</span> <span class='ocrx_word' id='word_1_46' title='bbox 584 606 732 642; x_wconf 78' lang='lat' dir='ltr'>imperatus</span> <span class='ocrx_word' id='word_1_47' title='bbox 746 605 801 632; x_wconf 89' lang='lat' dir='ltr'>sint</span> <span class='ocrx_word' id='word_1_48' title='bbox 815 613 886 630; x_wconf 90' lang='lat' dir='ltr'>unus</span> 
     </span>
     <span class='ocr_line' id='line_1_12' title="bbox 215 647 389 676; baseline 0 -3"><span class='ocrx_word' id='word_1_49' title='bbox 215 647 260 674; x_wconf 89' lang='lat' dir='ltr'>vel</span> <span class='ocrx_word' id='word_1_50' title='bbox 278 647 389 676; x_wconf 85' lang='lat' dir='ltr'>diversi.</span> 
     </span>
    </p>
   </div>
   <div class='ocr_carea' id='block_1_7' title="bbox 128 614 147 639">
    <p class='ocr_par' dir='ltr' id='par_1_7' title="bbox 128 614 147 639">
     <span class='ocr_line' id='line_1_13' title="bbox 128 614 147 639; textangle 90"><span class='ocrx_word' id='word_1_51' title='bbox 128 614 147 639; x_wconf 57' lang='grc' dir='ltr'>ιρ</span> 
     </span>
    </p>
   </div>
   <div class='ocr_carea' id='block_1_8' title="bbox 149 687 884 923">
    <p class='ocr_par' dir='ltr' id='par_1_8' title="bbox 173 687 783 765">
     <span class='ocr_line' id='line_1_14' title="bbox 175 687 783 724; baseline 0 -9"><span class='ocrx_word' id='word_1_52' title='bbox 175 687 274 715; x_wconf 82' lang='lat' dir='ltr'>Utrum</span> <span class='ocrx_word' id='word_1_53' title='bbox 293 695 371 716; x_wconf 85' lang='lat' dir='ltr'>actus</span> <span class='ocrx_word' id='word_1_54' title='bbox 390 688 433 716; x_wconf 91' lang='lat' dir='ltr'>vel</span> <span class='ocrx_word' id='word_1_55' title='bbox 453 689 606 716; x_wconf 87' lang='lat' dir='ltr'>voluntatis</span> <span class='ocrx_word' id='word_1_56' title='bbox 625 689 783 724; x_wconf 82' lang='lat' dir='ltr'>imperetur.</span> 
     </span>
     <span class='ocr_line' id='line_1_15' title="bbox 173 728 683 765; baseline -0.002 -8"><span class='ocrx_word' id='word_1_57' title='bbox 173 728 274 757; x_wconf 81' lang='lat' dir='ltr'>Utrum</span> <span class='ocrx_word' id='word_1_58' title='bbox 294 736 372 756; x_wconf 85' lang='lat' dir='ltr'>actus</span> <span class='ocrx_word' id='word_1_59' title='bbox 391 731 506 758; x_wconf 78' lang='lat' dir='ltr'>rationis</span> <span class='ocrx_word' id='word_1_60' title='bbox 527 731 683 765; x_wconf 84' lang='lat' dir='ltr'>imperetur.</span> 
     </span>
    </p>

    <p class='ocr_par' dir='ltr' id='par_1_9' title="bbox 149 769 884 923">
     <span class='ocr_line' id='line_1_16' title="bbox 175 769 853 807; baseline 0.001 -10"><span class='ocrx_word' id='word_1_61' title='bbox 175 769 274 797; x_wconf 84' lang='lat' dir='ltr'>Utrum</span> <span class='ocrx_word' id='word_1_62' title='bbox 294 778 373 798; x_wconf 80' lang='lat' dir='ltr'>actus</span> <span class='ocrx_word' id='word_1_63' title='bbox 393 773 530 807; x_wconf 88' lang='lat' dir='ltr'>appetitus</span> <span class='ocrx_word' id='word_1_64' title='bbox 551 772 676 797; x_wconf 87' lang='lat' dir='ltr'>sensitivi</span> <span class='ocrx_word' id='word_1_65' title='bbox 697 772 853 807; x_wconf 80' lang='lat' dir='ltr'>imperetur.</span> 
     </span>
     <span class='ocr_line' id='line_1_17' title="bbox 176 811 859 849; baseline 0.004 -11"><span class='ocrx_word' id='word_1_66' title='bbox 176 811 275 841; x_wconf 84' lang='lat' dir='ltr'>Utrum</span> <span class='ocrx_word' id='word_1_67' title='bbox 294 819 372 839; x_wconf 80' lang='lat' dir='ltr'>actus</span> <span class='ocrx_word' id='word_1_68' title='bbox 391 813 499 839; x_wconf 87' lang='lat' dir='ltr'>animae</span> <span class='ocrx_word' id='word_1_69' title='bbox 518 812 682 848; x_wconf 77' lang='lat' dir='ltr'>vegetabilis</span> <span class='ocrx_word' id='word_1_70' title='bbox 702 813 859 849; x_wconf 80' lang='lat' dir='ltr'>imperetur.</span> 
     </span>
     <span class='ocr_line' id='line_1_18' title="bbox 149 852 884 890; baseline 0 -10"><span class='ocrx_word' id='word_1_71' title='bbox 149 874 155 880; x_wconf 93' lang='lat'>.</span> <span class='ocrx_word' id='word_1_72' title='bbox 176 852 276 880; x_wconf 82' lang='lat' dir='ltr'>Utrum</span> <span class='ocrx_word' id='word_1_73' title='bbox 299 860 377 883; x_wconf 80' lang='lat' dir='ltr'>actus</span> <span class='ocrx_word' id='word_1_74' title='bbox 397 854 562 881; x_wconf 82' lang='lat' dir='ltr'>exteriorum</span> <span class='ocrx_word' id='word_1_75' title='bbox 589 854 775 881; x_wconf 89' lang='lat' dir='ltr'>membrorum</span> <span class='ocrx_word' id='word_1_76' title='bbox 800 855 884 890; x_wconf 83' lang='lat' dir='ltr'>impe-</span> 
     </span>
     <span class='ocr_line' id='line_1_19' title="bbox 216 901 321 923; baseline 0.01 -2"><span class='ocrx_word' id='word_1_77' title='bbox 216 901 321 923; x_wconf 84' lang='lat' dir='ltr'>rentur.</span> 
     </span>
    </p>
   </div>
   <div class='ocr_carea' id='block_1_9' title="bbox 125 696 154 888">
    <p class='ocr_par' dir='ltr' id='par_1_10' title="bbox 125 696 154 888">
     <span class='ocr_line' id='line_1_20' title="bbox 125 696 154 888; textangle 90"><span class='ocrx_word' id='word_1_78' title='bbox 125 778 154 888; x_wconf 51' lang='lat'>*⁰9⁹5</span> <span class='ocrx_word' id='word_1_79' title='bbox 127 696 154 756; x_wconf 57' lang='lat'>90:-</span> 
     </span>
    </p>
   </div>
   <div class='ocr_carea' id='block_1_10' title="bbox 340 977 667 1011">
    <p class='ocr_par' dir='ltr' id='par_1_11' title="bbox 340 977 667 1011">
     <span class='ocr_line' id='line_1_21' title="bbox 340 977 667 1011; baseline -0.003 -6"><span class='ocrx_word' id='word_1_80' title='bbox 340 977 535 1011; x_wconf 74' lang='lat' dir='ltr'><strong>QUAEST10</strong></span> <span class='ocrx_word' id='word_1_81' title='bbox 558 977 667 1004; x_wconf 89' lang='lat' dir='ltr'>XVIII.</span> 
     </span>
    </p>
   </div>
   <div class='ocr_carea' id='block_1_11' title="bbox 179 1036 834 1114">
    <p class='ocr_par' dir='ltr' id='par_1_12' title="bbox 179 1036 834 1114">
     <span class='ocr_line' id='line_1_22' title="bbox 179 1036 834 1070; baseline -0.002 -7"><span class='ocrx_word' id='word_1_82' title='bbox 179 1036 219 1064; x_wconf 83' lang='lat' dir='ltr'>De</span> <span class='ocrx_word' id='word_1_83' title='bbox 239 1037 363 1070; x_wconf 72' lang='lat' dir='ltr'>bonitate,</span> <span class='ocrx_word' id='word_1_84' title='bbox 383 1043 407 1064; x_wconf 72' lang='lat' dir='ltr'>et</span> <span class='ocrx_word' id='word_1_85' title='bbox 425 1037 529 1064; x_wconf 71' lang='lat' dir='ltr'>malitia</span> <span class='ocrx_word' id='word_1_86' title='bbox 549 1037 715 1065; x_wconf 75' lang='lat' dir='ltr'>bumanorum</span> <span class='ocrx_word' id='word_1_87' title='bbox 735 1043 834 1063; x_wconf 80' lang='lat' dir='ltr'>actuum</span> 
     </span>
     <span class='ocr_line' id='line_1_23' title="bbox 425 1079 594 1114; baseline 0 -10"><span class='ocrx_word' id='word_1_88' title='bbox 425 1079 453 1104; x_wconf 73' lang='lat' dir='ltr'>t&#39;n</span> <span class='ocrx_word' id='word_1_89' title='bbox 471 1079 594 1114; x_wconf 76' lang='lat' dir='ltr'>generali.</span> 
     </span>
    </p>
   </div>
   <div class='ocr_carea' id='block_1_12' title="bbox 121 1142 882 2052">
    <p class='ocr_par' dir='ltr' id='par_1_13' title="bbox 145 1142 882 1220">
     <span class='ocr_line' id='line_1_24' title="bbox 145 1142 882 1179; baseline 0.001 -9"><span class='ocrx_word' id='word_1_90' title='bbox 145 1151 169 1170; x_wconf 83' lang='lat' dir='ltr'>t.</span> <span class='ocrx_word' id='word_1_91' title='bbox 191 1142 292 1171; x_wconf 80' lang='lat' dir='ltr'>Utrum</span> <span class='ocrx_word' id='word_1_92' title='bbox 311 1144 403 1174; x_wconf 81' lang='lat' dir='ltr'>omnis</span> <span class='ocrx_word' id='word_1_93' title='bbox 422 1143 542 1171; x_wconf 85' lang='lat' dir='ltr'>humana</span> <span class='ocrx_word' id='word_1_94' title='bbox 567 1145 641 1172; x_wconf 87' lang='lat' dir='ltr'>actio</span> <span class='ocrx_word' id='word_1_95' title='bbox 667 1145 704 1175; x_wconf 83' lang='lat' dir='ltr'>sit</span> <span class='ocrx_word' id='word_1_96' title='bbox 729 1144 812 1179; x_wconf 81' lang='lat' dir='ltr'>bona,</span> <span class='ocrx_word' id='word_1_97' title='bbox 838 1144 882 1171; x_wconf 88' lang='lat' dir='ltr'>vel</span> 
     </span>
     <span class='ocr_line' id='line_1_25' title="bbox 211 1184 461 1220; baseline -0.004 -9"><span class='ocrx_word' id='word_1_98' title='bbox 211 1184 304 1220; x_wconf 76' lang='lat' dir='ltr'>aliqua</span> <span class='ocrx_word' id='word_1_99' title='bbox 322 1185 359 1210; x_wconf 90' lang='lat' dir='ltr'>sit</span> <span class='ocrx_word' id='word_1_100' title='bbox 379 1184 461 1213; x_wconf 80' lang='lat' dir='ltr'>mala.</span> 
     </span>
    </p>

    <p class='ocr_par' dir='ltr' id='par_1_14' title="bbox 144 1225 881 1303">
     <span class='ocr_line' id='line_1_26' title="bbox 144 1225 881 1259; baseline 0.001 -7"><span class='ocrx_word' id='word_1_101' title='bbox 144 1233 170 1252; x_wconf 88' lang='lat'>2.</span> <span class='ocrx_word' id='word_1_102' title='bbox 191 1225 291 1253; x_wconf 87' lang='lat' dir='ltr'>Utrum</span> <span class='ocrx_word' id='word_1_103' title='bbox 310 1227 385 1252; x_wconf 79' lang='lat' dir='ltr'>actio</span> <span class='ocrx_word' id='word_1_104' title='bbox 404 1226 527 1252; x_wconf 84' lang='lat' dir='ltr'>hominis</span> <span class='ocrx_word' id='word_1_105' title='bbox 541 1226 641 1252; x_wconf 85' lang='lat' dir='ltr'>habeat</span> <span class='ocrx_word' id='word_1_106' title='bbox 661 1227 824 1259; x_wconf 74' lang='lat' dir='ltr'>bonitatem,</span> <span class='ocrx_word' id='word_1_107' title='bbox 839 1227 881 1254; x_wconf 90' lang='lat' dir='ltr'>vel</span> 
     </span>
     <span class='ocr_line' id='line_1_27' title="bbox 213 1267 541 1303; baseline 0 -9"><span class='ocrx_word' id='word_1_108' title='bbox 213 1267 348 1302; x_wconf 79' lang='lat' dir='ltr'>malitiam</span> <span class='ocrx_word' id='word_1_109' title='bbox 367 1277 400 1295; x_wconf 80' lang='lat' dir='ltr'>ex</span> <span class='ocrx_word' id='word_1_110' title='bbox 419 1268 541 1303; x_wconf 83' lang='lat' dir='ltr'>objecto.</span> 
     </span>
    </p>

    <p class='ocr_par' dir='ltr' id='par_1_15' title="bbox 144 1309 766 1345">
     <span class='ocr_line' id='line_1_28' title="bbox 144 1309 766 1345; baseline 0.002 -9"><span class='ocrx_word' id='word_1_111' title='bbox 144 1318 170 1345; x_wconf 86' lang='lat'>3.</span> <span class='ocrx_word' id='word_1_112' title='bbox 190 1309 290 1336; x_wconf 87' lang='lat' dir='ltr'>Utrum</span> <span class='ocrx_word' id='word_1_113' title='bbox 303 1309 359 1336; x_wconf 84' lang='lat' dir='ltr'>hoc</span> <span class='ocrx_word' id='word_1_114' title='bbox 378 1309 478 1336; x_wconf 86' lang='lat' dir='ltr'>babeat</span> <span class='ocrx_word' id='word_1_115' title='bbox 496 1318 529 1337; x_wconf 82' lang='lat' dir='ltr'>ex</span> <span class='ocrx_word' id='word_1_116' title='bbox 549 1310 766 1337; x_wconf 76' lang='lat' dir='ltr'>circumstantia.</span> 
     </span>
    </p>

    <p class='ocr_par' dir='ltr' id='par_1_16' title="bbox 140 1350 617 1384">
     <span class='ocr_line' id='line_1_29' title="bbox 140 1350 617 1384; baseline 0.002 -6"><span class='ocrx_word' id='word_1_117' title='bbox 140 1360 168 1384; x_wconf 87' lang='grc'>4.</span> <span class='ocrx_word' id='word_1_118' title='bbox 189 1350 288 1378; x_wconf 84' lang='lat' dir='ltr'>Utrum</span> <span class='ocrx_word' id='word_1_119' title='bbox 308 1351 363 1378; x_wconf 84' lang='lat' dir='ltr'>hoe</span> <span class='ocrx_word' id='word_1_120' title='bbox 382 1351 481 1378; x_wconf 80' lang='lat' dir='ltr'>habeat</span> <span class='ocrx_word' id='word_1_121' title='bbox 501 1360 533 1377; x_wconf 87' lang='lat' dir='ltr'>ex</span> <span class='ocrx_word' id='word_1_122' title='bbox 552 1351 617 1379; x_wconf 84' lang='lat' dir='ltr'>fine.</span> 
     </span>
    </p>

    <p class='ocr_par' dir='ltr' id='par_1_17' title="bbox 143 1392 881 1470">
     <span class='ocr_line' id='line_1_30' title="bbox 143 1392 881 1428; baseline 0.003 -9"><span class='ocrx_word' id='word_1_123' title='bbox 143 1400 168 1426; x_wconf 87' lang='lat'>5.</span> <span class='ocrx_word' id='word_1_124' title='bbox 189 1392 289 1420; x_wconf 89' lang='lat' dir='ltr'>Utrum</span> <span class='ocrx_word' id='word_1_125' title='bbox 317 1392 408 1428; x_wconf 80' lang='lat' dir='ltr'>aliqua</span> <span class='ocrx_word' id='word_1_126' title='bbox 427 1393 501 1419; x_wconf 86' lang='lat' dir='ltr'>actio</span> <span class='ocrx_word' id='word_1_127' title='bbox 525 1392 647 1420; x_wconf 87' lang='lat' dir='ltr'>hominis</span> <span class='ocrx_word' id='word_1_128' title='bbox 671 1393 708 1420; x_wconf 88' lang='lat' dir='ltr'>sit</span> <span class='ocrx_word' id='word_1_129' title='bbox 734 1393 818 1426; x_wconf 86' lang='lat' dir='ltr'>bona,</span> <span class='ocrx_word' id='word_1_130' title='bbox 838 1394 881 1421; x_wconf 87' lang='lat' dir='ltr'>vel</span> 
     </span>
     <span class='ocr_line' id='line_1_31' title="bbox 212 1433 522 1470; baseline 0.003 -10"><span class='ocrx_word' id='word_1_131' title='bbox 212 1433 284 1460; x_wconf 76' lang='lat' dir='ltr'>mala</span> <span class='ocrx_word' id='word_1_132' title='bbox 303 1434 331 1460; x_wconf 90' lang='lat' dir='ltr'>in</span> <span class='ocrx_word' id='word_1_133' title='bbox 351 1443 400 1460; x_wconf 89' lang='lat' dir='ltr'>sua</span> <span class='ocrx_word' id='word_1_134' title='bbox 419 1434 522 1470; x_wconf 87' lang='lat' dir='ltr'>specie.</span> 
     </span>
    </p>

    <p class='ocr_par' dir='ltr' id='par_1_18' title="bbox 140 1474 881 1546">
     <span class='ocr_line' id='line_1_32' title="bbox 140 1474 881 1511; baseline 0.003 -9"><span class='ocrx_word' id='word_1_135' title='bbox 140 1475 168 1502; x_wconf 88' lang='lat'>6.</span> <span class='ocrx_word' id='word_1_136' title='bbox 189 1474 288 1502; x_wconf 81' lang='lat' dir='ltr'>Utrum</span> <span class='ocrx_word' id='word_1_137' title='bbox 308 1481 388 1502; x_wconf 82' lang='lat' dir='ltr'>actus</span> <span class='ocrx_word' id='word_1_138' title='bbox 407 1475 507 1502; x_wconf 83' lang='lat' dir='ltr'>habeat</span> <span class='ocrx_word' id='word_1_139' title='bbox 519 1476 640 1511; x_wconf 83' lang='lat' dir='ltr'>speciem</span> <span class='ocrx_word' id='word_1_140' title='bbox 661 1475 738 1508; x_wconf 88' lang='lat' dir='ltr'>boni,</span> <span class='ocrx_word' id='word_1_141' title='bbox 758 1476 803 1503; x_wconf 89' lang='lat' dir='ltr'>vel</span> <span class='ocrx_word' id='word_1_142' title='bbox 816 1477 881 1504; x_wconf 86' lang='lat' dir='ltr'>mali</span> 
     </span>
     <span class='ocr_line' id='line_1_33' title="bbox 211 1516 327 1546; baseline 0 -3"><span class='ocrx_word' id='word_1_143' title='bbox 211 1525 244 1543; x_wconf 81' lang='lat' dir='ltr'>ex</span> <span class='ocrx_word' id='word_1_144' title='bbox 262 1516 327 1546; x_wconf 82' lang='lat' dir='ltr'>fine.</span> 
     </span>
    </p>

    <p class='ocr_par' dir='ltr' id='par_1_19' title="bbox 139 1557 880 1677">
     <span class='ocr_line' id='line_1_34' title="bbox 139 1557 880 1594; baseline 0.003 -10"><span class='ocrx_word' id='word_1_145' title='bbox 139 1565 166 1593; x_wconf 93' lang='lat'>7.</span> <span class='ocrx_word' id='word_1_146' title='bbox 188 1557 286 1585; x_wconf 89' lang='lat' dir='ltr'>Utrum</span> <span class='ocrx_word' id='word_1_147' title='bbox 305 1559 423 1594; x_wconf 83' lang='lat' dir='ltr'>species,</span> <span class='ocrx_word' id='word_1_148' title='bbox 437 1567 506 1594; x_wconf 86' lang='lat' dir='ltr'>quae</span> <span class='ocrx_word' id='word_1_149' title='bbox 523 1565 565 1585; x_wconf 89' lang='lat' dir='ltr'>est</span> <span class='ocrx_word' id='word_1_150' title='bbox 578 1567 611 1585; x_wconf 84' lang='lat' dir='ltr'>ex</span> <span class='ocrx_word' id='word_1_151' title='bbox 624 1559 688 1592; x_wconf 79' lang='lat' dir='ltr'>fine,</span> <span class='ocrx_word' id='word_1_152' title='bbox 704 1560 880 1586; x_wconf 84' lang='lat' dir='ltr'>contineatur</span> 
     </span>
     <span class='ocr_line' id='line_1_35' title="bbox 210 1600 879 1636; baseline 0.003 -10"><span class='ocrx_word' id='word_1_153' title='bbox 210 1600 261 1626; x_wconf 84' lang='lat' dir='ltr'>sub</span> <span class='ocrx_word' id='word_1_154' title='bbox 280 1601 383 1636; x_wconf 87' lang='lat' dir='ltr'>specie,</span> <span class='ocrx_word' id='word_1_155' title='bbox 403 1609 472 1636; x_wconf 84' lang='lat' dir='ltr'>quae</span> <span class='ocrx_word' id='word_1_156' title='bbox 486 1607 529 1630; x_wconf 80' lang='lat' dir='ltr'>est</span> <span class='ocrx_word' id='word_1_157' title='bbox 547 1609 581 1627; x_wconf 81' lang='lat' dir='ltr'>ex</span> <span class='ocrx_word' id='word_1_158' title='bbox 600 1601 722 1636; x_wconf 86' lang='lat' dir='ltr'>objecto,</span> <span class='ocrx_word' id='word_1_159' title='bbox 743 1602 815 1627; x_wconf 88' lang='lat' dir='ltr'>sicut</span> <span class='ocrx_word' id='word_1_160' title='bbox 828 1602 879 1628; x_wconf 90' lang='lat' dir='ltr'>sub</span> 
     </span>
     <span class='ocr_line' id='line_1_36' title="bbox 209 1638 588 1677; baseline 0.003 -9"><span class='ocrx_word' id='word_1_161' title='bbox 209 1650 322 1677; x_wconf 81' lang='lat' dir='ltr'>genere,</span> <span class='ocrx_word' id='word_1_162' title='bbox 342 1641 386 1668; x_wconf 90' lang='lat' dir='ltr'>vel</span> <span class='ocrx_word' id='word_1_163' title='bbox 405 1650 420 1668; x_wconf 91' lang='lat' dir='ltr'>e</span> <span class='ocrx_word' id='word_1_164' title='bbox 441 1638 588 1670; x_wconf 72' lang='lat' dir='ltr'>converso,</span> 
     </span>
    </p>

    <p class='ocr_par' dir='ltr' id='par_1_20' title="bbox 141 1682 879 1761">
     <span class='ocr_line' id='line_1_37' title="bbox 141 1682 879 1719; baseline 0.003 -10"><span class='ocrx_word' id='word_1_165' title='bbox 141 1683 168 1709; x_wconf 85' lang='lat'>8.</span> <span class='ocrx_word' id='word_1_166' title='bbox 189 1682 287 1709; x_wconf 86' lang='lat' dir='ltr'>Utrum</span> <span class='ocrx_word' id='word_1_167' title='bbox 302 1683 402 1719; x_wconf 76' lang='lat' dir='ltr'>aliquis</span> <span class='ocrx_word' id='word_1_168' title='bbox 415 1689 493 1710; x_wconf 77' lang='lat' dir='ltr'>actus</span> <span class='ocrx_word' id='word_1_169' title='bbox 507 1684 542 1710; x_wconf 84' lang='lat' dir='ltr'>sit</span> <span class='ocrx_word' id='word_1_170' title='bbox 556 1683 714 1711; x_wconf 75' lang='lat' dir='ltr'>indifferens</span> <span class='ocrx_word' id='word_1_171' title='bbox 728 1685 879 1711; x_wconf 88' lang='lat' dir='ltr'>secundum</span> 
     </span>
     <span class='ocr_line' id='line_1_38' title="bbox 210 1726 440 1761; baseline 0.009 -11"><span class='ocrx_word' id='word_1_172' title='bbox 210 1732 288 1750; x_wconf 84' lang='lat' dir='ltr'>suam</span> <span class='ocrx_word' id='word_1_173' title='bbox 308 1726 440 1761; x_wconf 88' lang='lat' dir='ltr'>speciem.</span> 
     </span>
    </p>

    <p class='ocr_par' dir='ltr' id='par_1_21' title="bbox 138 1765 879 1836">
     <span class='ocr_line' id='line_1_39' title="bbox 138 1765 879 1802; baseline 0.003 -10"><span class='ocrx_word' id='word_1_174' title='bbox 138 1773 165 1802; x_wconf 84' lang='lat'>9.</span> <span class='ocrx_word' id='word_1_175' title='bbox 186 1765 286 1792; x_wconf 82' lang='lat' dir='ltr'>Utrum</span> <span class='ocrx_word' id='word_1_176' title='bbox 300 1765 400 1802; x_wconf 88' lang='lat' dir='ltr'>aliquis</span> <span class='ocrx_word' id='word_1_177' title='bbox 413 1772 492 1792; x_wconf 81' lang='lat' dir='ltr'>actus</span> <span class='ocrx_word' id='word_1_178' title='bbox 505 1767 541 1792; x_wconf 88' lang='lat' dir='ltr'>sit</span> <span class='ocrx_word' id='word_1_179' title='bbox 554 1766 712 1794; x_wconf 82' lang='lat' dir='ltr'>indifferens</span> <span class='ocrx_word' id='word_1_180' title='bbox 727 1767 879 1795; x_wconf 86' lang='lat' dir='ltr'>secundum</span> 
     </span>
     <span class='ocr_line' id='line_1_40' title="bbox 208 1807 389 1836; baseline 0.011 -3"><span class='ocrx_word' id='word_1_181' title='bbox 208 1807 389 1836; x_wconf 82' lang='lat' dir='ltr'>individuum.</span> 
     </span>
    </p>

    <p class='ocr_par' dir='ltr' id='par_1_22' title="bbox 121 1848 877 1927">
     <span class='ocr_line' id='line_1_41' title="bbox 121 1848 877 1886; baseline 0.004 -11"><span class='ocrx_word' id='word_1_182' title='bbox 121 1856 164 1876; x_wconf 82' lang='lat' dir='ltr'>xo.</span> <span class='ocrx_word' id='word_1_183' title='bbox 185 1848 283 1881; x_wconf 76' lang='lat' dir='ltr'>Utrum</span> <span class='ocrx_word' id='word_1_184' title='bbox 296 1848 388 1886; x_wconf 80' lang='lat' dir='ltr'>aliqua</span> <span class='ocrx_word' id='word_1_185' title='bbox 401 1850 609 1877; x_wconf 85' lang='lat' dir='ltr'>circumstantia</span> <span class='ocrx_word' id='word_1_186' title='bbox 620 1851 772 1878; x_wconf 79' lang='lat' dir='ltr'>constituat</span> <span class='ocrx_word' id='word_1_187' title='bbox 785 1857 877 1879; x_wconf 83' lang='lat' dir='ltr'>actum</span> 
     </span>
     <span class='ocr_line' id='line_1_42' title="bbox 208 1890 761 1927; baseline 0.002 -11"><span class='ocrx_word' id='word_1_188' title='bbox 208 1890 344 1922; x_wconf 79' lang='lat' dir='ltr'>moralem</span> <span class='ocrx_word' id='word_1_189' title='bbox 363 1891 392 1917; x_wconf 91' lang='lat' dir='ltr'>in</span> <span class='ocrx_word' id='word_1_190' title='bbox 411 1892 503 1927; x_wconf 87' lang='lat' dir='ltr'>specie</span> <span class='ocrx_word' id='word_1_191' title='bbox 524 1891 602 1924; x_wconf 85' lang='lat' dir='ltr'>boni,</span> <span class='ocrx_word' id='word_1_192' title='bbox 622 1891 665 1919; x_wconf 87' lang='lat' dir='ltr'>vel</span> <span class='ocrx_word' id='word_1_193' title='bbox 685 1892 761 1922; x_wconf 75' lang='lat' dir='ltr'>mali,</span> 
     </span>
    </p>

    <p class='ocr_par' dir='ltr' id='par_1_23' title="bbox 122 1931 876 2052">
     <span class='ocr_line' id='line_1_43' title="bbox 122 1931 876 1969; baseline 0.003 -11"><span class='ocrx_word' id='word_1_194' title='bbox 122 1940 164 1958; x_wconf 83' lang='lat' dir='ltr'>tt.</span> <span class='ocrx_word' id='word_1_195' title='bbox 185 1931 284 1959; x_wconf 90' lang='lat' dir='ltr'>Utrum</span> <span class='ocrx_word' id='word_1_196' title='bbox 304 1933 396 1959; x_wconf 90' lang='lat' dir='ltr'>omnis</span> <span class='ocrx_word' id='word_1_197' title='bbox 416 1933 623 1959; x_wconf 81' lang='lat' dir='ltr'>circumstantia</span> <span class='ocrx_word' id='word_1_198' title='bbox 642 1942 747 1969; x_wconf 84' lang='lat' dir='ltr'>augens</span> <span class='ocrx_word' id='word_1_199' title='bbox 770 1934 876 1960; x_wconf 87' lang='lat' dir='ltr'>bonita-</span> 
     </span>
     <span class='ocr_line' id='line_1_44' title="bbox 207 1973 876 2006; baseline 0.003 -6"><span class='ocrx_word' id='word_1_200' title='bbox 207 1980 274 2006; x_wconf 86' lang='lat' dir='ltr'>tem,</span> <span class='ocrx_word' id='word_1_201' title='bbox 297 1973 340 2000; x_wconf 90' lang='lat' dir='ltr'>vel</span> <span class='ocrx_word' id='word_1_202' title='bbox 360 1974 492 2001; x_wconf 88' lang='lat' dir='ltr'>malitiam</span> <span class='ocrx_word' id='word_1_203' title='bbox 511 1975 664 2001; x_wconf 81' lang='lat' dir='ltr'>constituat</span> <span class='ocrx_word' id='word_1_204' title='bbox 683 1982 774 2001; x_wconf 86' lang='lat' dir='ltr'>actum</span> <span class='ocrx_word' id='word_1_205' title='bbox 789 1985 876 2002; x_wconf 85' lang='lat' dir='ltr'>mora-</span> 
     </span>
     <span class='ocr_line' id='line_1_45' title="bbox 207 2014 679 2052; baseline 0 -10"><span class='ocrx_word' id='word_1_206' title='bbox 207 2014 262 2042; x_wconf 88' lang='lat' dir='ltr'>lem</span> <span class='ocrx_word' id='word_1_207' title='bbox 282 2016 310 2042; x_wconf 85' lang='lat' dir='ltr'>in</span> <span class='ocrx_word' id='word_1_208' title='bbox 330 2017 422 2052; x_wconf 87' lang='lat' dir='ltr'>specie</span> <span class='ocrx_word' id='word_1_209' title='bbox 442 2016 520 2049; x_wconf 88' lang='lat' dir='ltr'>boni,</span> <span class='ocrx_word' id='word_1_210' title='bbox 540 2015 584 2043; x_wconf 83' lang='lat' dir='ltr'>vel</span> <span class='ocrx_word' id='word_1_211' title='bbox 604 2015 679 2045; x_wconf 89' lang='lat' dir='ltr'>mali.</span> 
     </span>
    </p>
   </div>
   <div class='ocr_carea' id='block_1_13' title="bbox 347 2109 643 2143">
    <p class='ocr_par' dir='ltr' id='par_1_24' title="bbox 347 2109 643 2143">
     <span class='ocr_line' id='line_1_46' title="bbox 347 2109 643 2143; baseline 0 -5"><span class='ocrx_word' id='word_1_212' title='bbox 347 2109 542 2143; x_wconf 71' lang='lat' dir='ltr'><strong>QUAESTIO</strong></span> <span class='ocrx_word' id='word_1_213' title='bbox 562 2111 643 2141; x_wconf 79' lang='lat' dir='ltr'>xlx.</span> 
     </span>
    </p>
   </div>
   <div class='ocr_carea' id='block_1_14' title="bbox 173 2169 828 2240">
    <p class='ocr_par' dir='ltr' id='par_1_25' title="bbox 173 2169 828 2240">
     <span class='ocr_line' id='line_1_47' title="bbox 173 2169 828 2202; baseline 0.002 -6"><span class='ocrx_word' id='word_1_214' title='bbox 173 2169 214 2196; x_wconf 81' lang='lat' dir='ltr'>De</span> <span class='ocrx_word' id='word_1_215' title='bbox 234 2170 354 2202; x_wconf 72' lang='lat' dir='ltr'>bonitate,</span> <span class='ocrx_word' id='word_1_216' title='bbox 375 2175 400 2196; x_wconf 74' lang='lat' dir='ltr'>et</span> <span class='ocrx_word' id='word_1_217' title='bbox 416 2170 522 2196; x_wconf 69' lang='lat' dir='ltr'>malitia</span> <span class='ocrx_word' id='word_1_218' title='bbox 543 2170 708 2198; x_wconf 77' lang='lat' dir='ltr'>bumanorum</span> <span class='ocrx_word' id='word_1_219' title='bbox 728 2176 828 2197; x_wconf 73' lang='lat' dir='ltr'>actuum</span> 
     </span>
     <span class='ocr_line' id='line_1_48' title="bbox 350 2211 644 2240; baseline 0.007 -3"><span class='ocrx_word' id='word_1_220' title='bbox 350 2212 479 2238; x_wconf 67' lang='lat' dir='ltr'>interioris</span> <span class='ocrx_word' id='word_1_221' title='bbox 494 2211 644 2240; x_wconf 73' lang='lat' dir='ltr'>voluntaris.</span> 
     </span>
    </p>
   </div>
   <div class='ocr_carea' id='block_1_15' title="bbox 119 2275 874 2932">
    <p class='ocr_par' dir='ltr' id='par_1_26' title="bbox 119 2275 874 2932">
     <span class='ocr_line' id='line_1_49' title="bbox 136 2275 874 2314; baseline 0.001 -10"><span class='ocrx_word' id='word_1_222' title='bbox 136 2285 161 2307; x_wconf 74' lang='grc' dir='ltr'>ι.</span> <span class='ocrx_word' id='word_1_223' title='bbox 183 2275 282 2305; x_wconf 83' lang='lat' dir='ltr'>Utrum</span> <span class='ocrx_word' id='word_1_224' title='bbox 301 2277 412 2305; x_wconf 73' lang='lat' dir='ltr'>bonitas</span> <span class='ocrx_word' id='word_1_225' title='bbox 430 2276 584 2305; x_wconf 73' lang='lat' dir='ltr'>voluntatis</span> <span class='ocrx_word' id='word_1_226' title='bbox 599 2277 752 2314; x_wconf 80' lang='lat' dir='ltr'>dependeat</span> <span class='ocrx_word' id='word_1_227' title='bbox 771 2287 804 2305; x_wconf 90' lang='lat' dir='ltr'>ex</span> <span class='ocrx_word' id='word_1_228' title='bbox 822 2279 874 2305; x_wconf 89' lang='lat' dir='ltr'>ob-</span> 
     </span>
     <span class='ocr_line' id='line_1_50' title="bbox 203 2319 290 2354; baseline 0.023 -9"><span class='ocrx_word' id='word_1_229' title='bbox 203 2319 290 2354; x_wconf 84' lang='lat' dir='ltr'>jecto.</span> 
     </span>
     <span class='ocr_line' id='line_1_51' title="bbox 156 2359 730 2396; baseline 0.002 -10"><span class='ocrx_word' id='word_1_230' title='bbox 156 2379 163 2386; x_wconf 98' lang='lat'>.</span> <span class='ocrx_word' id='word_1_231' title='bbox 184 2359 282 2386; x_wconf 88' lang='lat' dir='ltr'>Utrum</span> <span class='ocrx_word' id='word_1_232' title='bbox 302 2360 456 2396; x_wconf 84' lang='lat' dir='ltr'>dependeat</span> <span class='ocrx_word' id='word_1_233' title='bbox 474 2368 507 2386; x_wconf 81' lang='lat' dir='ltr'>ex</span> <span class='ocrx_word' id='word_1_234' title='bbox 525 2359 589 2387; x_wconf 83' lang='lat' dir='ltr'>solo</span> <span class='ocrx_word' id='word_1_235' title='bbox 608 2361 730 2395; x_wconf 87' lang='lat' dir='ltr'>objecto.</span> 
     </span>
     <span class='ocr_line' id='line_1_52' title="bbox 182 2400 635 2438; baseline 0.002 -10"><span class='ocrx_word' id='word_1_236' title='bbox 182 2400 281 2428; x_wconf 88' lang='lat' dir='ltr'>Utrum</span> <span class='ocrx_word' id='word_1_237' title='bbox 299 2401 453 2438; x_wconf 84' lang='lat' dir='ltr'>dependeat</span> <span class='ocrx_word' id='word_1_238' title='bbox 471 2402 635 2432; x_wconf 61' lang='lat' dir='ltr'>aratione.</span> 
     </span>
     <span class='ocr_line' id='line_1_53' title="bbox 182 2441 724 2479; baseline 0.002 -10"><span class='ocrx_word' id='word_1_239' title='bbox 182 2441 280 2469; x_wconf 84' lang='lat' dir='ltr'>Utrum</span> <span class='ocrx_word' id='word_1_240' title='bbox 300 2443 452 2478; x_wconf 76' lang='lat' dir='ltr'>dependeat</span> <span class='ocrx_word' id='word_1_241' title='bbox 471 2451 505 2470; x_wconf 78' lang='lat' dir='ltr'>ex</span> <span class='ocrx_word' id='word_1_242' title='bbox 522 2442 585 2479; x_wconf 81' lang='lat' dir='ltr'>lege</span> <span class='ocrx_word' id='word_1_243' title='bbox 604 2450 724 2470; x_wconf 85' lang='lat' dir='ltr'>aeterna.</span> 
     </span>
     <span class='ocr_line' id='line_1_54' title="bbox 182 2482 621 2520; baseline 0 -10"><span class='ocrx_word' id='word_1_244' title='bbox 182 2482 281 2510; x_wconf 80' lang='lat' dir='ltr'>Utrum</span> <span class='ocrx_word' id='word_1_245' title='bbox 301 2484 372 2511; x_wconf 85' lang='lat' dir='ltr'>ratio</span> <span class='ocrx_word' id='word_1_246' title='bbox 392 2492 486 2510; x_wconf 81' lang='lat' dir='ltr'>errans</span> <span class='ocrx_word' id='word_1_247' title='bbox 505 2483 621 2520; x_wconf 86' lang='lat' dir='ltr'>obliget.</span> 
     </span>
     <span class='ocr_line' id='line_1_55' title="bbox 153 2523 873 2563; baseline 0.006 -13"><span class='ocrx_word' id='word_1_248' title='bbox 153 2543 160 2550; x_wconf 98' lang='lat'>.</span> <span class='ocrx_word' id='word_1_249' title='bbox 181 2523 280 2552; x_wconf 85' lang='lat' dir='ltr'>Utrum</span> <span class='ocrx_word' id='word_1_250' title='bbox 298 2525 429 2556; x_wconf 71' lang='lat' dir='ltr'>voluutas</span> <span class='ocrx_word' id='word_1_251' title='bbox 449 2532 546 2552; x_wconf 87' lang='lat' dir='ltr'>contra</span> <span class='ocrx_word' id='word_1_252' title='bbox 564 2525 655 2562; x_wconf 76' lang='lat' dir='ltr'>legem</span> <span class='ocrx_word' id='word_1_253' title='bbox 674 2526 727 2554; x_wconf 89' lang='lat' dir='ltr'>Dei</span> <span class='ocrx_word' id='word_1_254' title='bbox 754 2535 873 2563; x_wconf 87' lang='lat' dir='ltr'>sequens</span> 
     </span>
     <span class='ocr_line' id='line_1_56' title="bbox 204 2567 649 2595; baseline 0.002 -1"><span class='ocrx_word' id='word_1_255' title='bbox 204 2567 343 2594; x_wconf 66' lang='lat' dir='ltr'>“tionem</span> <span class='ocrx_word' id='word_1_256' title='bbox 357 2573 494 2594; x_wconf 82' lang='lat' dir='ltr'>errantem</span> <span class='ocrx_word' id='word_1_257' title='bbox 512 2568 549 2594; x_wconf 80' lang='lat' dir='ltr'>sit</span> <span class='ocrx_word' id='word_1_258' title='bbox 567 2567 649 2595; x_wconf 77' lang='lat' dir='ltr'>mala.</span> 
     </span>
     <span class='ocr_line' id='line_1_57' title="bbox 153 2607 874 2646; baseline 0.003 -11"><span class='ocrx_word' id='word_1_259' title='bbox 153 2626 161 2634; x_wconf 91' lang='lat'>.</span> <span class='ocrx_word' id='word_1_260' title='bbox 181 2607 282 2636; x_wconf 89' lang='lat' dir='ltr'>Utrum</span> <span class='ocrx_word' id='word_1_261' title='bbox 301 2608 412 2636; x_wconf 76' lang='lat' dir='ltr'>bonitas</span> <span class='ocrx_word' id='word_1_262' title='bbox 425 2608 578 2636; x_wconf 76' lang='lat' dir='ltr'>voluntatis</span> <span class='ocrx_word' id='word_1_263' title='bbox 598 2610 626 2636; x_wconf 90' lang='lat' dir='ltr'>in</span> <span class='ocrx_word' id='word_1_264' title='bbox 646 2609 700 2642; x_wconf 75' lang='lat' dir='ltr'>hia,</span> <span class='ocrx_word' id='word_1_265' title='bbox 721 2618 790 2646; x_wconf 75' lang='lat' dir='ltr'>quae</span> <span class='ocrx_word' id='word_1_266' title='bbox 809 2617 874 2638; x_wconf 84' lang='lat' dir='ltr'>sunt</span> 
     </span>
     <span class='ocr_line' id='line_1_58' title="bbox 205 2649 844 2685; baseline 0.003 -9"><span class='ocrx_word' id='word_1_267' title='bbox 205 2650 240 2676; x_wconf 71' lang='lat' dir='ltr'>ed</span> <span class='ocrx_word' id='word_1_268' title='bbox 260 2649 354 2682; x_wconf 77' lang='lat' dir='ltr'>finem,</span> <span class='ocrx_word' id='word_1_269' title='bbox 373 2650 527 2685; x_wconf 78' lang='lat' dir='ltr'>dependeat</span> <span class='ocrx_word' id='word_1_270' title='bbox 545 2659 578 2677; x_wconf 87' lang='lat' dir='ltr'>ex</span> <span class='ocrx_word' id='word_1_271' title='bbox 597 2652 753 2678; x_wconf 83' lang='lat' dir='ltr'>intentione</span> <span class='ocrx_word' id='word_1_272' title='bbox 773 2652 844 2678; x_wconf 76' lang='lat' dir='ltr'>finis.</span> 
     </span>
     <span class='ocr_line' id='line_1_59' title="bbox 134 2690 873 2728; baseline 0.003 -10"><span class='ocrx_word' id='word_1_273' title='bbox 134 2691 163 2724; x_wconf 73' lang='grc'>8.</span> <span class='ocrx_word' id='word_1_274' title='bbox 184 2690 283 2722; x_wconf 82' lang='lat' dir='ltr'>Utrum</span> <span class='ocrx_word' id='word_1_275' title='bbox 309 2692 449 2728; x_wconf 69' lang='lat' dir='ltr'>quantitas</span> <span class='ocrx_word' id='word_1_276' title='bbox 468 2692 611 2726; x_wconf 62' lang='lat' dir='ltr'>bonitatis,</span> <span class='ocrx_word' id='word_1_277' title='bbox 632 2693 675 2720; x_wconf 89' lang='lat' dir='ltr'>vel</span> <span class='ocrx_word' id='word_1_278' title='bbox 705 2694 824 2720; x_wconf 90' lang='lat' dir='ltr'>malitiae</span> <span class='ocrx_word' id='word_1_279' title='bbox 845 2695 873 2720; x_wconf 95' lang='lat' dir='ltr'>in</span> 
     </span>
     <span class='ocr_line' id='line_1_60' title="bbox 205 2731 872 2770; baseline 0.006 -12"><span class='ocrx_word' id='word_1_280' title='bbox 205 2731 350 2759; x_wconf 81' lang='lat' dir='ltr'>voluntate</span> <span class='ocrx_word' id='word_1_281' title='bbox 370 2739 499 2768; x_wconf 80' lang='lat' dir='ltr'>sequatur</span> <span class='ocrx_word' id='word_1_282' title='bbox 518 2735 700 2770; x_wconf 76' lang='lat' dir='ltr'>quantitatem</span> <span class='ocrx_word' id='word_1_283' title='bbox 726 2735 803 2768; x_wconf 86' lang='lat' dir='ltr'>boni,</span> <span class='ocrx_word' id='word_1_284' title='bbox 829 2735 872 2762; x_wconf 86' lang='lat' dir='ltr'>vel</span> 
     </span>
     <span class='ocr_line' id='line_1_61' title="bbox 205 2773 503 2802; baseline 0.003 -1"><span class='ocrx_word' id='word_1_285' title='bbox 205 2773 270 2801; x_wconf 73' lang='lat' dir='ltr'>mali</span> <span class='ocrx_word' id='word_1_286' title='bbox 290 2774 319 2800; x_wconf 87' lang='lat' dir='ltr'>in</span> <span class='ocrx_word' id='word_1_287' title='bbox 336 2775 503 2802; x_wconf 85' lang='lat' dir='ltr'>intentione.</span> 
     </span>
     <span class='ocr_line' id='line_1_62' title="bbox 133 2813 873 2853; baseline 0.004 -12"><span class='ocrx_word' id='word_1_288' title='bbox 133 2821 161 2848; x_wconf 87' lang='grc'>9.</span> <span class='ocrx_word' id='word_1_289' title='bbox 183 2813 281 2841; x_wconf 90' lang='lat' dir='ltr'>Utrum</span> <span class='ocrx_word' id='word_1_290' title='bbox 296 2814 406 2841; x_wconf 81' lang='lat' dir='ltr'>bonitas</span> <span class='ocrx_word' id='word_1_291' title='bbox 421 2815 574 2844; x_wconf 73' lang='lat' dir='ltr'>voluntatis</span> <span class='ocrx_word' id='word_1_292' title='bbox 593 2816 745 2853; x_wconf 73' lang='lat' dir='ltr'>dependeat</span> <span class='ocrx_word' id='word_1_293' title='bbox 758 2826 791 2844; x_wconf 84' lang='lat' dir='ltr'>ex</span> <span class='ocrx_word' id='word_1_294' title='bbox 804 2826 873 2844; x_wconf 89' lang='lat' dir='ltr'>con-</span> 
     </span>
     <span class='ocr_line' id='line_1_63' title="bbox 203 2854 743 2886; baseline 0.002 -1"><span class='ocrx_word' id='word_1_295' title='bbox 203 2854 346 2885; x_wconf 72' lang='lat' dir='ltr'>formitate</span> <span class='ocrx_word' id='word_1_296' title='bbox 364 2857 398 2883; x_wconf 75' lang='lat' dir='ltr'>ad</span> <span class='ocrx_word' id='word_1_297' title='bbox 418 2857 590 2885; x_wconf 78' lang='lat' dir='ltr'>voluntatem</span> <span class='ocrx_word' id='word_1_298' title='bbox 612 2859 743 2886; x_wconf 78' lang='lat' dir='ltr'>divinam.</span> 
     </span>
     <span class='ocr_line' id='line_1_64' title="bbox 119 2894 870 2932; baseline 0.005 -9"><span class='ocrx_word' id='word_1_299' title='bbox 119 2903 162 2924; x_wconf 79' lang='lat' dir='ltr'>xo.</span> <span class='ocrx_word' id='word_1_300' title='bbox 182 2894 280 2924; x_wconf 83' lang='lat' dir='ltr'>Utrum</span> <span class='ocrx_word' id='word_1_301' title='bbox 291 2899 475 2925; x_wconf 79' lang='lat' dir='ltr'>necessarium</span> <span class='ocrx_word' id='word_1_302' title='bbox 487 2899 533 2932; x_wconf 75' lang='lat' dir='ltr'>sit,</span> <span class='ocrx_word' id='word_1_303' title='bbox 541 2899 713 2926; x_wconf 79' lang='lat' dir='ltr'>voluntatem</span> <span class='ocrx_word' id='word_1_304' title='bbox 725 2899 870 2927; x_wconf 82' lang='lat' dir='ltr'>humanam</span> 
     </span>
    </p>
   </div>
   <div class='ocr_carea' id='block_1_16' title="bbox 133 2367 161 2550">
    <p class='ocr_par' dir='ltr' id='par_1_27' title="bbox 133 2367 161 2550">
     <span class='ocr_line' id='line_1_65' title="bbox 133 2367 161 2550; textangle 90"><span class='ocrx_word' id='word_1_305' title='bbox 133 2367 161 2550; x_wconf 49' lang='lat' dir='ltr'>‘’stae-rt·</span> 
     </span>
    </p>
   </div>
   <div class='ocr_carea' id='block_1_17' title="bbox 133 2614 150 2643">
    <p class='ocr_par' dir='ltr' id='par_1_28' title="bbox 133 2614 150 2643">
     <span class='ocr_line' id='line_1_66' title="bbox 133 2614 150 2643; textangle 90"><span class='ocrx_word' id='word_1_306' title='bbox 133 2614 150 2643; x_wconf 52' lang='grc' dir='ltr'>κ.</span> 
     </span>
    </p>
   </div>
   <div class='ocr_carea' id='block_1_18' title="bbox 1032 270 1699 348">
    <p class='ocr_par' dir='ltr' id='par_1_29' title="bbox 1032 270 1699 348">
     <span class='ocr_line' id='line_1_67' title="bbox 1032 270 1699 299; baseline 0 -1"><span class='ocrx_word' id='word_1_307' title='bbox 1032 270 1200 298; x_wconf 81' lang='lat' dir='ltr'>conformari</span> <span class='ocrx_word' id='word_1_308' title='bbox 1220 271 1359 298; x_wconf 85' lang='lat' dir='ltr'>voluntati</span> <span class='ocrx_word' id='word_1_309' title='bbox 1378 272 1486 298; x_wconf 88' lang='lat' dir='ltr'>divinae</span> <span class='ocrx_word' id='word_1_310' title='bbox 1506 272 1533 299; x_wconf 88' lang='lat' dir='ltr'>in</span> <span class='ocrx_word' id='word_1_311' title='bbox 1557 271 1647 299; x_wconf 86' lang='lat' dir='ltr'>volito</span> <span class='ocrx_word' id='word_1_312' title='bbox 1667 273 1699 298; x_wconf 88' lang='lat' dir='ltr'>ad</span> 
     </span>
     <span class='ocr_line' id='line_1_68' title="bbox 1032 313 1350 348; baseline 0 -10"><span class='ocrx_word' id='word_1_313' title='bbox 1032 313 1097 345; x_wconf 85' lang='lat' dir='ltr'>hoe,</span> <span class='ocrx_word' id='word_1_314' title='bbox 1119 313 1192 348; x_wconf 90' lang='lat' dir='ltr'>quod</span> <span class='ocrx_word' id='word_1_315' title='bbox 1212 314 1248 339; x_wconf 89' lang='lat' dir='ltr'>sit</span> <span class='ocrx_word' id='word_1_316' title='bbox 1268 313 1350 338; x_wconf 87' lang='lat' dir='ltr'>bona.</span> 
     </span>
    </p>
   </div>
   <div class='ocr_carea' id='block_1_19' title="bbox 1139 395 1507 428">
    <p class='ocr_par' dir='ltr' id='par_1_30' title="bbox 1139 395 1507 428">
     <span class='ocr_line' id='line_1_69' title="bbox 1139 395 1507 428; baseline -0.003 -5"><span class='ocrx_word' id='word_1_317' title='bbox 1139 395 1396 428; x_wconf 82' lang='lat' dir='ltr'>QUAESTIO</span> <span class='ocrx_word' id='word_1_318' title='bbox 1425 396 1507 422; x_wconf 89' lang='lat' dir='ltr'>XX.</span> 
     </span>
    </p>
   </div>
   <div class='ocr_carea' id='block_1_20' title="bbox 1005 455 1639 523">
    <p class='ocr_par' dir='ltr' id='par_1_31' title="bbox 1005 455 1639 523">
     <span class='ocr_line' id='line_1_70' title="bbox 1005 455 1639 487; baseline 0 -7"><span class='ocrx_word' id='word_1_319' title='bbox 1005 455 1044 481; x_wconf 74' lang='lat' dir='ltr'>Dc</span> <span class='ocrx_word' id='word_1_320' title='bbox 1065 456 1186 487; x_wconf 74' lang='lat' dir='ltr'>bonitate,</span> <span class='ocrx_word' id='word_1_321' title='bbox 1207 460 1230 482; x_wconf 77' lang='lat' dir='ltr'>et</span> <span class='ocrx_word' id='word_1_322' title='bbox 1248 455 1352 482; x_wconf 76' lang='lat' dir='ltr'>malitia</span> <span class='ocrx_word' id='word_1_323' title='bbox 1371 455 1520 482; x_wconf 74' lang='lat' dir='ltr'>exteriorum</span> <span class='ocrx_word' id='word_1_324' title='bbox 1539 460 1639 481; x_wconf 71' lang='lat' dir='ltr'>actuum</span> 
     </span>
     <span class='ocr_line' id='line_1_71' title="bbox 1232 497 1409 523; baseline 0 -1"><span class='ocrx_word' id='word_1_325' title='bbox 1232 497 1409 523; x_wconf 78' lang='lat' dir='ltr'>humanorum.</span> 
     </span>
    </p>
   </div>
   <div class='ocr_carea' id='block_1_21' title="bbox 948 562 1699 598">
    <p class='ocr_par' dir='ltr' id='par_1_32' title="bbox 948 562 1699 598">
     <span class='ocr_line' id='line_1_72' title="bbox 948 562 1699 598; baseline -0.001 -9"><span class='ocrx_word' id='word_1_326' title='bbox 948 571 972 589; x_wconf 84' lang='lat'>1.</span> <span class='ocrx_word' id='word_1_327' title='bbox 994 562 1093 591; x_wconf 84' lang='lat' dir='ltr'>Utrum</span> <span class='ocrx_word' id='word_1_328' title='bbox 1113 563 1233 594; x_wconf 84' lang='lat' dir='ltr'>bonitas,</span> <span class='ocrx_word' id='word_1_329' title='bbox 1254 562 1297 589; x_wconf 87' lang='lat' dir='ltr'>vel</span> <span class='ocrx_word' id='word_1_330' title='bbox 1317 562 1423 588; x_wconf 82' lang='lat' dir='ltr'>malitia</span> <span class='ocrx_word' id='word_1_331' title='bbox 1441 571 1489 597; x_wconf 89' lang='lat' dir='ltr'>per</span> <span class='ocrx_word' id='word_1_332' title='bbox 1507 563 1582 598; x_wconf 83' lang='lat' dir='ltr'>prius</span> <span class='ocrx_word' id='word_1_333' title='bbox 1605 563 1643 589; x_wconf 88' lang='lat' dir='ltr'>sit</span> <span class='ocrx_word' id='word_1_334' title='bbox 1671 564 1699 589; x_wconf 91' lang='lat' dir='ltr'>in</span> 
     </span>
    </p>
   </div>
   <div class='ocr_carea' id='block_1_22' title="bbox 941 654 967 672">
    <p class='ocr_par' dir='ltr' id='par_1_33' title="bbox 941 654 967 672">
     <span class='ocr_line' id='line_1_73' title="bbox 941 654 967 672; baseline 0 0"><span class='ocrx_word' id='word_1_335' title='bbox 941 654 967 672; x_wconf 87' lang='lat'>2.</span> 
     </span>
    </p>
   </div>
   <div class='ocr_carea' id='block_1_23' title="bbox 948 737 972 763">
    <p class='ocr_par' dir='ltr' id='par_1_34' title="bbox 948 737 972 763">
     <span class='ocr_line' id='line_1_74' title="bbox 948 737 972 763; baseline 0 -9"><span class='ocrx_word' id='word_1_336' title='bbox 948 737 972 763; x_wconf 78' lang='lat'>3.</span> 
     </span>
    </p>
   </div>
   <div class='ocr_carea' id='block_1_24' title="bbox 939 821 966 845">
    <p class='ocr_par' dir='ltr' id='par_1_35' title="bbox 939 821 966 845">
     <span class='ocr_line' id='line_1_75' title="bbox 939 821 966 845; baseline 0 -6"><span class='ocrx_word' id='word_1_337' title='bbox 939 821 966 845; x_wconf 87' lang='lat'>4.</span> 
     </span>
    </p>
   </div>
   <div class='ocr_carea' id='block_1_25' title="bbox 929 2869 952 2895">
    <p class='ocr_par' dir='ltr' id='par_1_36' title="bbox 929 2869 952 2895">
     <span class='ocr_line' id='line_1_76' title="bbox 929 2869 952 2895; baseline 0 -9"><span class='ocrx_word' id='word_1_338' title='bbox 929 2869 952 2895; x_wconf 77' lang='lat'>3.</span> 
     </span>
    </p>
   </div>
   <div class='ocr_carea' id='block_1_26' title="bbox 988 603 1697 889">
    <p class='ocr_par' dir='ltr' id='par_1_37' title="bbox 1029 603 1631 636">
     <span class='ocr_line' id='line_1_77' title="bbox 1029 603 1631 636; baseline -0.002 -5"><span class='ocrx_word' id='word_1_339' title='bbox 1029 611 1093 631; x_wconf 83' lang='lat' dir='ltr'>actu</span> <span class='ocrx_word' id='word_1_340' title='bbox 1114 604 1277 636; x_wconf 80' lang='lat' dir='ltr'>voluntatis,</span> <span class='ocrx_word' id='word_1_341' title='bbox 1298 603 1340 630; x_wconf 80' lang='lat' dir='ltr'>vel</span> <span class='ocrx_word' id='word_1_342' title='bbox 1362 604 1390 630; x_wconf 86' lang='lat' dir='ltr'>in</span> <span class='ocrx_word' id='word_1_343' title='bbox 1409 610 1472 630; x_wconf 87' lang='lat' dir='ltr'>actu</span> <span class='ocrx_word' id='word_1_344' title='bbox 1492 605 1631 631; x_wconf 85' lang='lat' dir='ltr'>exteriori.</span> 
     </span>
    </p>

    <p class='ocr_par' dir='ltr' id='par_1_38' title="bbox 990 645 1697 722">
     <span class='ocr_line' id='line_1_78' title="bbox 990 645 1697 678; baseline 0.001 -7"><span class='ocrx_word' id='word_1_345' title='bbox 990 645 1089 672; x_wconf 86' lang='lat' dir='ltr'>Utrum</span> <span class='ocrx_word' id='word_1_346' title='bbox 1104 652 1164 672; x_wconf 81' lang='lat' dir='ltr'>tota</span> <span class='ocrx_word' id='word_1_347' title='bbox 1178 646 1298 678; x_wconf 81' lang='lat' dir='ltr'>bonitas,</span> <span class='ocrx_word' id='word_1_348' title='bbox 1310 652 1337 671; x_wconf 90' lang='lat' dir='ltr'>et</span> <span class='ocrx_word' id='word_1_349' title='bbox 1351 645 1456 672; x_wconf 86' lang='lat' dir='ltr'>malitia</span> <span class='ocrx_word' id='word_1_350' title='bbox 1467 646 1610 672; x_wconf 87' lang='lat' dir='ltr'>exterioris</span> <span class='ocrx_word' id='word_1_351' title='bbox 1620 652 1697 672; x_wconf 85' lang='lat' dir='ltr'>actus</span> 
     </span>
     <span class='ocr_line' id='line_1_79' title="bbox 1029 687 1556 722; baseline 0 -9"><span class='ocrx_word' id='word_1_352' title='bbox 1029 687 1181 722; x_wconf 84' lang='lat' dir='ltr'>dependeat</span> <span class='ocrx_word' id='word_1_353' title='bbox 1197 696 1229 713; x_wconf 89' lang='lat' dir='ltr'>ex</span> <span class='ocrx_word' id='word_1_354' title='bbox 1249 687 1374 713; x_wconf 85' lang='lat' dir='ltr'>bonitate</span> <span class='ocrx_word' id='word_1_355' title='bbox 1393 687 1556 714; x_wconf 84' lang='lat' dir='ltr'>voluntatis.</span> 
     </span>
    </p>

    <p class='ocr_par' dir='ltr' id='par_1_39' title="bbox 993 728 1697 797">
     <span class='ocr_line' id='line_1_80' title="bbox 993 728 1697 761; baseline 0 -7"><span class='ocrx_word' id='word_1_356' title='bbox 993 728 1092 755; x_wconf 89' lang='lat' dir='ltr'>Utrum</span> <span class='ocrx_word' id='word_1_357' title='bbox 1104 729 1224 760; x_wconf 75' lang='lat' dir='ltr'>bonitas,</span> <span class='ocrx_word' id='word_1_358' title='bbox 1237 736 1263 754; x_wconf 92' lang='lat' dir='ltr'>et</span> <span class='ocrx_word' id='word_1_359' title='bbox 1274 728 1378 754; x_wconf 85' lang='lat' dir='ltr'>malitia</span> <span class='ocrx_word' id='word_1_360' title='bbox 1389 729 1424 754; x_wconf 87' lang='lat' dir='ltr'>sit</span> <span class='ocrx_word' id='word_1_361' title='bbox 1438 729 1533 754; x_wconf 82' lang='lat' dir='ltr'>eadem</span> <span class='ocrx_word' id='word_1_362' title='bbox 1547 729 1697 761; x_wconf 84' lang='lat' dir='ltr'>interioris,</span> 
     </span>
     <span class='ocr_line' id='line_1_81' title="bbox 1027 771 1326 797; baseline 0 -1"><span class='ocrx_word' id='word_1_363' title='bbox 1027 778 1055 797; x_wconf 90' lang='lat' dir='ltr'>et</span> <span class='ocrx_word' id='word_1_364' title='bbox 1075 771 1218 797; x_wconf 80' lang='lat' dir='ltr'>exterioris</span> <span class='ocrx_word' id='word_1_365' title='bbox 1237 778 1326 797; x_wconf 88' lang='lat' dir='ltr'>actus.</span> 
     </span>
    </p>

    <p class='ocr_par' dir='ltr' id='par_1_40' title="bbox 988 811 1696 889">
     <span class='ocr_line' id='line_1_82' title="bbox 988 811 1696 848; baseline 0.001 -10"><span class='ocrx_word' id='word_1_366' title='bbox 988 811 1086 839; x_wconf 80' lang='lat' dir='ltr'>Utrum</span> <span class='ocrx_word' id='word_1_367' title='bbox 1106 819 1183 839; x_wconf 84' lang='lat' dir='ltr'>actus</span> <span class='ocrx_word' id='word_1_368' title='bbox 1203 813 1323 839; x_wconf 84' lang='lat' dir='ltr'>exterior</span> <span class='ocrx_word' id='word_1_369' title='bbox 1341 812 1444 848; x_wconf 91' lang='lat' dir='ltr'>aliquid</span> <span class='ocrx_word' id='word_1_370' title='bbox 1463 813 1545 839; x_wconf 90' lang='lat' dir='ltr'>addat</span> <span class='ocrx_word' id='word_1_371' title='bbox 1565 813 1597 839; x_wconf 90' lang='lat' dir='ltr'>de</span> <span class='ocrx_word' id='word_1_372' title='bbox 1618 813 1696 840; x_wconf 86' lang='lat' dir='ltr'>boni·</span> 
     </span>
     <span class='ocr_line' id='line_1_83' title="bbox 1025 854 1667 889; baseline 0 -9"><span class='ocrx_word' id='word_1_373' title='bbox 1025 861 1094 886; x_wconf 87' lang='lat' dir='ltr'>tate,</span> <span class='ocrx_word' id='word_1_374' title='bbox 1115 861 1142 880; x_wconf 88' lang='lat' dir='ltr'>et</span> <span class='ocrx_word' id='word_1_375' title='bbox 1162 854 1266 880; x_wconf 88' lang='lat' dir='ltr'>malitia</span> <span class='ocrx_word' id='word_1_376' title='bbox 1286 863 1366 889; x_wconf 86' lang='lat' dir='ltr'>supra</span> <span class='ocrx_word' id='word_1_377' title='bbox 1386 861 1477 880; x_wconf 88' lang='lat' dir='ltr'>actum</span> <span class='ocrx_word' id='word_1_378' title='bbox 1497 855 1667 881; x_wconf 88' lang='lat' dir='ltr'>interiorem.</span> 
     </span>
    </p>
   </div>
   <div class='ocr_carea' id='block_1_27' title="bbox 959 895 1695 931">
    <p class='ocr_par' dir='ltr' id='par_1_41' title="bbox 959 895 1695 931">
     <span class='ocr_line' id='line_1_84' title="bbox 959 895 1695 931; baseline 0 -10"><span class='ocrx_word' id='word_1_379' title='bbox 959 916 965 922; x_wconf 96' lang='lat'>.</span> <span class='ocrx_word' id='word_1_380' title='bbox 987 895 1085 922; x_wconf 89' lang='lat' dir='ltr'>Utrum</span> <span class='ocrx_word' id='word_1_381' title='bbox 1106 902 1220 921; x_wconf 89' lang='lat' dir='ltr'>eventus</span> <span class='ocrx_word' id='word_1_382' title='bbox 1240 904 1357 931; x_wconf 89' lang='lat' dir='ltr'>sequens</span> <span class='ocrx_word' id='word_1_383' title='bbox 1377 895 1479 930; x_wconf 81' lang='lat' dir='ltr'>aliquid</span> <span class='ocrx_word' id='word_1_384' title='bbox 1494 896 1574 921; x_wconf 86' lang='lat' dir='ltr'>addat</span> <span class='ocrx_word' id='word_1_385' title='bbox 1594 896 1626 922; x_wconf 92' lang='lat' dir='ltr'>de</span> <span class='ocrx_word' id='word_1_386' title='bbox 1647 896 1695 922; x_wconf 89' lang='lat' dir='ltr'>bo·</span> 
     </span>
    </p>
   </div>
   <div class='ocr_carea' id='block_1_28' title="bbox 1027 937 1664 969">
    <p class='ocr_par' dir='ltr' id='par_1_42' title="bbox 1027 937 1664 969">
     <span class='ocr_line' id='line_1_85' title="bbox 1027 937 1664 969; baseline 0.002 -7"><span class='ocrx_word' id='word_1_387' title='bbox 1027 938 1125 969; x_wconf 83' lang='lat' dir='ltr'>nitate,</span> <span class='ocrx_word' id='word_1_388' title='bbox 1140 937 1183 963; x_wconf 90' lang='lat' dir='ltr'>vel</span> <span class='ocrx_word' id='word_1_389' title='bbox 1201 937 1305 963; x_wconf 83' lang='lat' dir='ltr'>malitia</span> <span class='ocrx_word' id='word_1_390' title='bbox 1325 938 1358 963; x_wconf 90' lang='lat' dir='ltr'>ad</span> <span class='ocrx_word' id='word_1_391' title='bbox 1378 938 1541 963; x_wconf 88' lang='lat' dir='ltr'>exteriorem</span> <span class='ocrx_word' id='word_1_392' title='bbox 1561 944 1664 964; x_wconf 85' lang='lat' dir='ltr'>actum.</span> 
     </span>
    </p>
   </div>
   <div class='ocr_carea' id='block_1_29' title="bbox 962 978 1696 1014">
    <p class='ocr_par' dir='ltr' id='par_1_43' title="bbox 962 978 1696 1014">
     <span class='ocr_line' id='line_1_86' title="bbox 962 978 1696 1014; baseline 0.001 -10"><span class='ocrx_word' id='word_1_393' title='bbox 962 999 967 1004; x_wconf 96' lang='lat'>.</span> <span class='ocrx_word' id='word_1_394' title='bbox 989 978 1087 1005; x_wconf 88' lang='lat' dir='ltr'>Utrum</span> <span class='ocrx_word' id='word_1_395' title='bbox 1107 979 1180 1004; x_wconf 89' lang='lat' dir='ltr'>idem</span> <span class='ocrx_word' id='word_1_396' title='bbox 1195 986 1273 1004; x_wconf 86' lang='lat' dir='ltr'>actus</span> <span class='ocrx_word' id='word_1_397' title='bbox 1287 979 1406 1005; x_wconf 87' lang='lat' dir='ltr'>exterior</span> <span class='ocrx_word' id='word_1_398' title='bbox 1419 979 1507 1014; x_wconf 86' lang='lat' dir='ltr'>possit</span> <span class='ocrx_word' id='word_1_399' title='bbox 1521 987 1581 1004; x_wconf 85' lang='lat' dir='ltr'>esse</span> <span class='ocrx_word' id='word_1_400' title='bbox 1595 979 1696 1011; x_wconf 85' lang='lat' dir='ltr'>bonus,</span> 
     </span>
    </p>
   </div>
   <div class='ocr_carea' id='block_1_30' title="bbox 1024 1019 1170 1046">
    <p class='ocr_par' dir='ltr' id='par_1_44' title="bbox 1024 1019 1170 1046">
     <span class='ocr_line' id='line_1_87' title="bbox 1024 1019 1170 1046; baseline 0 -1"><span class='ocrx_word' id='word_1_401' title='bbox 1024 1027 1052 1046; x_wconf 88' lang='lat' dir='ltr'>et</span> <span class='ocrx_word' id='word_1_402' title='bbox 1073 1019 1170 1046; x_wconf 86' lang='lat' dir='ltr'>malus.</span> 
     </span>
    </p>
   </div>
   <div class='ocr_carea' id='block_1_31' title="bbox 1172 1103 1467 1134">
    <p class='ocr_par' dir='ltr' id='par_1_45' title="bbox 1172 1103 1467 1134">
     <span class='ocr_line' id='line_1_88' title="bbox 1172 1103 1467 1134; baseline 0 -4"><span class='ocrx_word' id='word_1_403' title='bbox 1172 1103 1366 1134; x_wconf 84' lang='lat' dir='ltr'>QUAESTIO</span> <span class='ocrx_word' id='word_1_404' title='bbox 1387 1103 1467 1130; x_wconf 90' lang='lat' dir='ltr'>XXI.</span> 
     </span>
    </p>
   </div>
   <div class='ocr_carea' id='block_1_32' title="bbox 1007 1160 1624 1235">
    <p class='ocr_par' dir='ltr' id='par_1_46' title="bbox 1007 1160 1624 1235">
     <span class='ocr_line' id='line_1_89' title="bbox 1007 1160 1624 1197; baseline 0.002 -10"><span class='ocrx_word' id='word_1_405' title='bbox 1007 1160 1047 1187; x_wconf 83' lang='lat' dir='ltr'>De</span> <span class='ocrx_word' id='word_1_406' title='bbox 1067 1161 1113 1193; x_wconf 75' lang='lat' dir='ltr'>his,</span> <span class='ocrx_word' id='word_1_407' title='bbox 1133 1171 1196 1197; x_wconf 83' lang='lat' dir='ltr'>quae</span> <span class='ocrx_word' id='word_1_408' title='bbox 1216 1167 1396 1197; x_wconf 73' lang='lat' dir='ltr'>consequuntur</span> <span class='ocrx_word' id='word_1_409' title='bbox 1414 1168 1484 1188; x_wconf 78' lang='lat' dir='ltr'>actus</span> <span class='ocrx_word' id='word_1_410' title='bbox 1503 1162 1624 1190; x_wconf 69' lang='lat' dir='ltr'>humanos</span> 
     </span>
     <span class='ocr_line' id='line_1_90' title="bbox 1094 1204 1532 1235; baseline 0.002 -7"><span class='ocrx_word' id='word_1_411' title='bbox 1094 1204 1194 1229; x_wconf 74' lang='lat' dir='ltr'>ratione</span> <span class='ocrx_word' id='word_1_412' title='bbox 1214 1204 1343 1235; x_wconf 71' lang='lat' dir='ltr'>bonitatis,</span> <span class='ocrx_word' id='word_1_413' title='bbox 1363 1209 1387 1230; x_wconf 81' lang='grc' dir='ltr'>ιι</span> <span class='ocrx_word' id='word_1_414' title='bbox 1404 1204 1532 1230; x_wconf 67' lang='lat' dir='ltr'>mauvia.</span> 
     </span>
    </p>
   </div>
   <div class='ocr_carea' id='block_1_33' title="bbox 959 1267 1693 1304">
    <p class='ocr_par' dir='ltr' id='par_1_47' title="bbox 959 1267 1693 1304">
     <span class='ocr_line' id='line_1_91' title="bbox 959 1267 1693 1304; baseline 0.003 -11"><span class='ocrx_word' id='word_1_415' title='bbox 959 1288 965 1294; x_wconf 95' lang='lat'>.</span> <span class='ocrx_word' id='word_1_416' title='bbox 988 1267 1086 1294; x_wconf 89' lang='lat' dir='ltr'>Utrum</span> <span class='ocrx_word' id='word_1_417' title='bbox 1107 1275 1185 1294; x_wconf 89' lang='lat' dir='ltr'>actus</span> <span class='ocrx_word' id='word_1_418' title='bbox 1199 1269 1345 1302; x_wconf 86' lang='lat' dir='ltr'>humanus,</span> <span class='ocrx_word' id='word_1_419' title='bbox 1360 1270 1521 1304; x_wconf 85' lang='lat' dir='ltr'>inquantum</span> <span class='ocrx_word' id='word_1_420' title='bbox 1537 1277 1578 1295; x_wconf 87' lang='lat' dir='ltr'>est</span> <span class='ocrx_word' id='word_1_421' title='bbox 1592 1269 1693 1302; x_wconf 86' lang='lat' dir='ltr'>bonus,</span> 
     </span>
    </p>
   </div>
   <div class='ocr_carea' id='block_1_34' title="bbox 1004 1309 1693 1386">
    <p class='ocr_par' dir='ltr' id='par_1_48' title="bbox 1004 1309 1693 1386">
     <span class='ocr_line' id='line_1_92' title="bbox 1024 1309 1693 1344; baseline 0.003 -9"><span class='ocrx_word' id='word_1_422' title='bbox 1024 1309 1068 1335; x_wconf 89' lang='lat' dir='ltr'>vel</span> <span class='ocrx_word' id='word_1_423' title='bbox 1080 1309 1178 1342; x_wconf 84' lang='lat' dir='ltr'>malus,</span> <span class='ocrx_word' id='word_1_424' title='bbox 1193 1310 1294 1336; x_wconf 85' lang='lat' dir='ltr'>habeat</span> <span class='ocrx_word' id='word_1_425' title='bbox 1304 1311 1439 1336; x_wconf 88' lang='lat' dir='ltr'>rationem</span> <span class='ocrx_word' id='word_1_426' title='bbox 1450 1311 1636 1344; x_wconf 85' lang='lat' dir='ltr'>rectitudinis,</span> <span class='ocrx_word' id='word_1_427' title='bbox 1650 1311 1693 1337; x_wconf 80' lang='lat' dir='ltr'>vel</span> 
     </span>
     <span class='ocr_line' id='line_1_93' title="bbox 1004 1357 1139 1386; baseline 0 -10"><span class='ocrx_word' id='word_1_428' title='bbox 1004 1374 1010 1380; x_wconf 88' lang='grc'><strong>,</strong></span> <span class='ocrx_word' id='word_1_429' title='bbox 1023 1357 1139 1386; x_wconf 79' lang='lat' dir='ltr'>peccati.</span> 
     </span>
    </p>
   </div>
   <div class='ocr_carea' id='block_1_35' title="bbox 960 1391 1694 1429">
    <p class='ocr_par' dir='ltr' id='par_1_49' title="bbox 960 1391 1694 1429">
     <span class='ocr_line' id='line_1_94' title="bbox 960 1391 1694 1429; baseline 0.003 -11"><span class='ocrx_word' id='word_1_430' title='bbox 960 1412 966 1418; x_wconf 95' lang='lat'>.</span> <span class='ocrx_word' id='word_1_431' title='bbox 987 1391 1086 1418; x_wconf 87' lang='lat' dir='ltr'>Utrum</span> <span class='ocrx_word' id='word_1_432' title='bbox 1106 1392 1206 1418; x_wconf 85' lang='lat' dir='ltr'>habeat</span> <span class='ocrx_word' id='word_1_433' title='bbox 1224 1393 1359 1419; x_wconf 87' lang='lat' dir='ltr'>rationem</span> <span class='ocrx_word' id='word_1_434' title='bbox 1375 1392 1530 1425; x_wconf 83' lang='lat' dir='ltr'>laudabilis,</span> <span class='ocrx_word' id='word_1_435' title='bbox 1545 1393 1588 1419; x_wconf 88' lang='lat' dir='ltr'>vel</span> <span class='ocrx_word' id='word_1_436' title='bbox 1603 1393 1694 1429; x_wconf 88' lang='lat' dir='ltr'>culpa-</span> 
     </span>
    </p>
   </div>
   <div class='ocr_carea' id='block_1_36' title="bbox 1025 1433 1098 1460">
    <p class='ocr_par' dir='ltr' id='par_1_50' title="bbox 1025 1433 1098 1460">
     <span class='ocr_line' id='line_1_95' title="bbox 1025 1433 1098 1460; baseline 0.014 -1"><span class='ocrx_word' id='word_1_437' title='bbox 1025 1433 1098 1460; x_wconf 88' lang='lat' dir='ltr'>bilis.</span> 
     </span>
    </p>
   </div>
   <div class='ocr_carea' id='block_1_37' title="bbox 954 1474 1693 1550">
    <p class='ocr_par' dir='ltr' id='par_1_51' title="bbox 954 1474 1693 1550">
     <span class='ocr_line' id='line_1_96' title="bbox 955 1474 1691 1508; baseline 0.003 -8"><span class='ocrx_word' id='word_1_438' title='bbox 955 1495 962 1500; x_wconf 96' lang='lat'>.</span> <span class='ocrx_word' id='word_1_439' title='bbox 983 1474 1082 1501; x_wconf 87' lang='lat' dir='ltr'>Utrum</span> <span class='ocrx_word' id='word_1_440' title='bbox 1102 1475 1202 1502; x_wconf 79' lang='lat' dir='ltr'>habeat</span> <span class='ocrx_word' id='word_1_441' title='bbox 1221 1477 1356 1502; x_wconf 86' lang='lat' dir='ltr'>rationem</span> <span class='ocrx_word' id='word_1_442' title='bbox 1371 1476 1472 1508; x_wconf 87' lang='lat' dir='ltr'>meriti,</span> <span class='ocrx_word' id='word_1_443' title='bbox 1492 1475 1535 1502; x_wconf 81' lang='lat' dir='ltr'>vel</span> <span class='ocrx_word' id='word_1_444' title='bbox 1556 1476 1691 1502; x_wconf 88' lang='lat' dir='ltr'>demeriti.</span> 
     </span>
     <span class='ocr_line' id='line_1_97' title="bbox 954 1515 1693 1550; baseline 0.001 -8"><span class='ocrx_word' id='word_1_445' title='bbox 954 1536 961 1542; x_wconf 92' lang='lat'>.</span> <span class='ocrx_word' id='word_1_446' title='bbox 981 1515 1080 1542; x_wconf 84' lang='lat' dir='ltr'>Utrum</span> <span class='ocrx_word' id='word_1_447' title='bbox 1101 1517 1200 1544; x_wconf 85' lang='lat' dir='ltr'>habeat</span> <span class='ocrx_word' id='word_1_448' title='bbox 1220 1519 1356 1544; x_wconf 87' lang='lat' dir='ltr'>rationem</span> <span class='ocrx_word' id='word_1_449' title='bbox 1382 1518 1482 1550; x_wconf 88' lang='lat' dir='ltr'>meriti,</span> <span class='ocrx_word' id='word_1_450' title='bbox 1503 1517 1546 1544; x_wconf 87' lang='lat' dir='ltr'>vel</span> <span class='ocrx_word' id='word_1_451' title='bbox 1567 1517 1693 1543; x_wconf 86' lang='lat' dir='ltr'>demeriti</span> 
     </span>
    </p>
   </div>
   <div class='ocr_carea' id='block_1_38' title="bbox 1024 1557 1214 1594">
    <p class='ocr_par' dir='ltr' id='par_1_52' title="bbox 1024 1557 1214 1594">
     <span class='ocr_line' id='line_1_98' title="bbox 1024 1557 1214 1594; baseline 0 -10"><span class='ocrx_word' id='word_1_452' title='bbox 1024 1558 1095 1594; x_wconf 85' lang='lat' dir='ltr'>apud</span> <span class='ocrx_word' id='word_1_453' title='bbox 1114 1557 1214 1585; x_wconf 90' lang='lat' dir='ltr'>Deum.</span> 
     </span>
    </p>
   </div>
   <div class='ocr_carea' id='block_1_39' title="bbox 1160 1642 1470 1673">
    <p class='ocr_par' dir='ltr' id='par_1_53' title="bbox 1160 1642 1470 1673">
     <span class='ocr_line' id='line_1_99' title="bbox 1160 1642 1470 1673; baseline 0.003 -5"><span class='ocrx_word' id='word_1_454' title='bbox 1160 1642 1354 1673; x_wconf 78' lang='lat' dir='ltr'>QUAESTIO</span> <span class='ocrx_word' id='word_1_455' title='bbox 1374 1642 1470 1669; x_wconf 91' lang='lat' dir='ltr'>XXII.</span> 
     </span>
    </p>
   </div>
   <div class='ocr_carea' id='block_1_40' title="bbox 1049 1701 1573 1738">
    <p class='ocr_par' dir='ltr' id='par_1_54' title="bbox 1049 1701 1573 1738">
     <span class='ocr_line' id='line_1_100' title="bbox 1049 1701 1573 1738; baseline 0.002 -11"><span class='ocrx_word' id='word_1_456' title='bbox 1049 1701 1089 1728; x_wconf 82' lang='lat' dir='ltr'>De</span> <span class='ocrx_word' id='word_1_457' title='bbox 1104 1703 1264 1738; x_wconf 72' lang='lat' dir='ltr'>passionibus</span> <span class='ocrx_word' id='word_1_458' title='bbox 1282 1703 1385 1728; x_wconf 80' lang='lat' dir='ltr'>animae</span> <span class='ocrx_word' id='word_1_459' title='bbox 1404 1703 1432 1728; x_wconf 84' lang='lat' dir='ltr'>in</span> <span class='ocrx_word' id='word_1_460' title='bbox 1451 1703 1573 1738; x_wconf 82' lang='lat' dir='ltr'>generali.</span> 
     </span>
    </p>
   </div>
   <div class='ocr_carea' id='block_1_41' title="bbox 952 1766 1691 1846">
    <p class='ocr_par' dir='ltr' id='par_1_55' title="bbox 952 1766 1691 1846">
     <span class='ocr_line' id='line_1_101' title="bbox 952 1766 1527 1803; baseline 0.002 -10"><span class='ocrx_word' id='word_1_461' title='bbox 952 1787 959 1793; x_wconf 89' lang='lat'>.</span> <span class='ocrx_word' id='word_1_462' title='bbox 981 1766 1080 1793; x_wconf 89' lang='lat' dir='ltr'>Utrum</span> <span class='ocrx_word' id='word_1_463' title='bbox 1102 1767 1193 1803; x_wconf 86' lang='lat' dir='ltr'>aliqua</span> <span class='ocrx_word' id='word_1_464' title='bbox 1212 1769 1304 1803; x_wconf 84' lang='lat' dir='ltr'>passio</span> <span class='ocrx_word' id='word_1_465' title='bbox 1325 1769 1360 1794; x_wconf 90' lang='lat' dir='ltr'>sit</span> <span class='ocrx_word' id='word_1_466' title='bbox 1379 1769 1406 1794; x_wconf 93' lang='lat' dir='ltr'>in</span> <span class='ocrx_word' id='word_1_467' title='bbox 1426 1769 1527 1794; x_wconf 86' lang='lat' dir='ltr'>anima.</span> 
     </span>
     <span class='ocr_line' id='line_1_102' title="bbox 955 1808 1691 1846; baseline 0.005 -12"><span class='ocrx_word' id='word_1_468' title='bbox 955 1828 962 1834; x_wconf 87' lang='lat'>.</span> <span class='ocrx_word' id='word_1_469' title='bbox 983 1808 1082 1834; x_wconf 89' lang='lat' dir='ltr'>Utrum</span> <span class='ocrx_word' id='word_1_470' title='bbox 1098 1811 1186 1845; x_wconf 86' lang='lat' dir='ltr'>magis</span> <span class='ocrx_word' id='word_1_471' title='bbox 1206 1811 1241 1835; x_wconf 86' lang='lat' dir='ltr'>sit</span> <span class='ocrx_word' id='word_1_472' title='bbox 1260 1811 1288 1836; x_wconf 90' lang='lat' dir='ltr'>in</span> <span class='ocrx_word' id='word_1_473' title='bbox 1305 1817 1380 1845; x_wconf 84' lang='lat' dir='ltr'>parte</span> <span class='ocrx_word' id='word_1_474' title='bbox 1394 1811 1554 1846; x_wconf 86' lang='lat' dir='ltr'>appetitiva,</span> <span class='ocrx_word' id='word_1_475' title='bbox 1568 1820 1649 1846; x_wconf 88' lang='lat' dir='ltr'>quam</span> <span class='ocrx_word' id='word_1_476' title='bbox 1663 1812 1691 1838; x_wconf 90' lang='lat' dir='ltr'>in</span> 
     </span>
    </p>
   </div>
   <div class='ocr_carea' id='block_1_42' title="bbox 1021 1851 1229 1886">
    <p class='ocr_par' dir='ltr' id='par_1_56' title="bbox 1021 1851 1229 1886">
     <span class='ocr_line' id='line_1_103' title="bbox 1021 1851 1229 1886; baseline 0.005 -10"><span class='ocrx_word' id='word_1_477' title='bbox 1021 1851 1229 1886; x_wconf 88' lang='lat' dir='ltr'>apprehensiva.</span> 
     </span>
    </p>
   </div>
   <div class='ocr_carea' id='block_1_43' title="bbox 951 1891 1690 1930">
    <p class='ocr_par' dir='ltr' id='par_1_57' title="bbox 951 1891 1690 1930">
     <span class='ocr_line' id='line_1_104' title="bbox 951 1891 1690 1930; baseline 0.005 -13"><span class='ocrx_word' id='word_1_478' title='bbox 951 1911 957 1918; x_wconf 86' lang='lat'>.</span> <span class='ocrx_word' id='word_1_479' title='bbox 980 1891 1080 1918; x_wconf 88' lang='lat' dir='ltr'>Utrum</span> <span class='ocrx_word' id='word_1_480' title='bbox 1096 1893 1184 1928; x_wconf 85' lang='lat' dir='ltr'>magis</span> <span class='ocrx_word' id='word_1_481' title='bbox 1204 1894 1240 1918; x_wconf 91' lang='lat' dir='ltr'>sit</span> <span class='ocrx_word' id='word_1_482' title='bbox 1259 1894 1288 1919; x_wconf 87' lang='lat' dir='ltr'>in</span> <span class='ocrx_word' id='word_1_483' title='bbox 1307 1894 1429 1929; x_wconf 85' lang='lat' dir='ltr'>appetitu</span> <span class='ocrx_word' id='word_1_484' title='bbox 1449 1895 1595 1927; x_wconf 85' lang='lat' dir='ltr'>sensitivo,</span> <span class='ocrx_word' id='word_1_485' title='bbox 1610 1903 1690 1930; x_wconf 85' lang='lat' dir='ltr'>quam</span> 
     </span>
    </p>
   </div>
   <div class='ocr_carea' id='block_1_44' title="bbox 1003 1933 1582 1970">
    <p class='ocr_par' dir='ltr' id='par_1_58' title="bbox 1003 1933 1582 1970">
     <span class='ocr_line' id='line_1_105' title="bbox 1003 1933 1582 1970; baseline 0.003 -11"><span class='ocrx_word' id='word_1_486' title='bbox 1003 1934 1031 1959; x_wconf 90' lang='lat' dir='ltr'>in</span> <span class='ocrx_word' id='word_1_487' title='bbox 1053 1933 1236 1967; x_wconf 85' lang='lat' dir='ltr'>intellectivo,</span> <span class='ocrx_word' id='word_1_488' title='bbox 1258 1935 1304 1970; x_wconf 90' lang='lat' dir='ltr'>qui</span> <span class='ocrx_word' id='word_1_489' title='bbox 1324 1935 1424 1961; x_wconf 88' lang='lat' dir='ltr'>dicitur</span> <span class='ocrx_word' id='word_1_490' title='bbox 1442 1935 1582 1962; x_wconf 83' lang='lat' dir='ltr'>voluntas.</span> 
     </span>
    </p>
   </div>
   <div class='ocr_carea' id='block_1_45' title="bbox 1147 2022 1473 2054">
    <p class='ocr_par' dir='ltr' id='par_1_59' title="bbox 1147 2022 1473 2054">
     <span class='ocr_line' id='line_1_106' title="bbox 1147 2022 1473 2054; baseline 0.003 -5"><span class='ocrx_word' id='word_1_491' title='bbox 1147 2022 1341 2054; x_wconf 79' lang='lat' dir='ltr'>QUAESTIO</span> <span class='ocrx_word' id='word_1_492' title='bbox 1363 2023 1473 2050; x_wconf 85' lang='lat' dir='ltr'>XXIII.</span> 
     </span>
    </p>
   </div>
   <div class='ocr_carea' id='block_1_46' title="bbox 1035 2081 1588 2118">
    <p class='ocr_par' dir='ltr' id='par_1_60' title="bbox 1035 2081 1588 2118">
     <span class='ocr_line' id='line_1_107' title="bbox 1035 2081 1588 2118; baseline 0.004 -11"><span class='ocrx_word' id='word_1_493' title='bbox 1035 2081 1074 2108; x_wconf 81' lang='lat' dir='ltr'>De</span> <span class='ocrx_word' id='word_1_494' title='bbox 1094 2081 1237 2118; x_wconf 77' lang='lat' dir='ltr'>differentia</span> <span class='ocrx_word' id='word_1_495' title='bbox 1254 2083 1398 2118; x_wconf 81' lang='lat' dir='ltr'>passionum</span> <span class='ocrx_word' id='word_1_496' title='bbox 1418 2083 1451 2109; x_wconf 84' lang='lat' dir='ltr'>ab</span> <span class='ocrx_word' id='word_1_497' title='bbox 1470 2083 1588 2110; x_wconf 78' lang='lat' dir='ltr'>invicem.</span> 
     </span>
    </p>
   </div>
   <div class='ocr_carea' id='block_1_47' title="bbox 949 2147 1688 2184">
    <p class='ocr_par' dir='ltr' id='par_1_61' title="bbox 949 2147 1688 2184">
     <span class='ocr_line' id='line_1_108' title="bbox 949 2147 1688 2184; baseline 0.003 -11"><span class='ocrx_word' id='word_1_498' title='bbox 949 2167 956 2174; x_wconf 91' lang='lat'><strong><em>.</em></strong></span> <span class='ocrx_word' id='word_1_499' title='bbox 980 2147 1079 2174; x_wconf 90' lang='lat' dir='ltr'>Utrum</span> <span class='ocrx_word' id='word_1_500' title='bbox 1094 2149 1249 2183; x_wconf 77' lang='lat' dir='ltr'>passioneS,</span> <span class='ocrx_word' id='word_1_501' title='bbox 1264 2157 1333 2183; x_wconf 83' lang='lat' dir='ltr'>quae</span> <span class='ocrx_word' id='word_1_502' title='bbox 1348 2149 1450 2174; x_wconf 87' lang='lat' dir='ltr'>suntin</span> <span class='ocrx_word' id='word_1_503' title='bbox 1465 2149 1688 2184; x_wconf 80' lang='lat' dir='ltr'>concupiscibili,</span> 
     </span>
    </p>
   </div>
   <div class='ocr_carea' id='block_1_48' title="bbox 1019 2190 1687 2226">
    <p class='ocr_par' dir='ltr' id='par_1_62' title="bbox 1019 2190 1687 2226">
     <span class='ocr_line' id='line_1_109' title="bbox 1019 2190 1687 2226; baseline 0.004 -12"><span class='ocrx_word' id='word_1_504' title='bbox 1019 2190 1077 2215; x_wconf 91' lang='lat' dir='ltr'>sint</span> <span class='ocrx_word' id='word_1_505' title='bbox 1091 2190 1213 2215; x_wconf 87' lang='lat' dir='ltr'>diversae</span> <span class='ocrx_word' id='word_1_506' title='bbox 1230 2190 1263 2216; x_wconf 89' lang='lat' dir='ltr'>ab</span> <span class='ocrx_word' id='word_1_507' title='bbox 1278 2190 1331 2223; x_wconf 90' lang='lat' dir='ltr'>his,</span> <span class='ocrx_word' id='word_1_508' title='bbox 1346 2199 1415 2226; x_wconf 88' lang='lat' dir='ltr'>quae</span> <span class='ocrx_word' id='word_1_509' title='bbox 1429 2198 1493 2216; x_wconf 89' lang='lat' dir='ltr'>sunt</span> <span class='ocrx_word' id='word_1_510' title='bbox 1507 2192 1534 2216; x_wconf 91' lang='lat' dir='ltr'>in</span> <span class='ocrx_word' id='word_1_511' title='bbox 1546 2191 1687 2217; x_wconf 86' lang='lat' dir='ltr'>irascibili.</span> 
     </span>
    </p>
   </div>
   <div class='ocr_carea' id='block_1_49' title="bbox 952 2230 1688 2267">
    <p class='ocr_par' dir='ltr' id='par_1_63' title="bbox 952 2230 1688 2267">
     <span class='ocr_line' id='line_1_110' title="bbox 952 2230 1688 2267; baseline 0.003 -11"><span class='ocrx_word' id='word_1_512' title='bbox 952 2250 958 2257; x_wconf 89' lang='lat'>.</span> <span class='ocrx_word' id='word_1_513' title='bbox 980 2230 1079 2257; x_wconf 91' lang='lat' dir='ltr'>Utrum</span> <span class='ocrx_word' id='word_1_514' title='bbox 1107 2233 1287 2257; x_wconf 83' lang='lat' dir='ltr'>contrarietas</span> <span class='ocrx_word' id='word_1_515' title='bbox 1306 2233 1466 2267; x_wconf 88' lang='lat' dir='ltr'>passionum</span> <span class='ocrx_word' id='word_1_516' title='bbox 1487 2233 1632 2258; x_wconf 83' lang='lat' dir='ltr'>irascibilis</span> <span class='ocrx_word' id='word_1_517' title='bbox 1652 2234 1688 2259; x_wconf 89' lang='lat' dir='ltr'>sit</span> 
     </span>
    </p>
   </div>
   <div class='ocr_carea' id='block_1_50' title="bbox 1019 2273 1656 2306">
    <p class='ocr_par' dir='ltr' id='par_1_64' title="bbox 1019 2273 1656 2306">
     <span class='ocr_line' id='line_1_111' title="bbox 1019 2273 1656 2306; baseline 0.003 -8"><span class='ocrx_word' id='word_1_518' title='bbox 1019 2273 1171 2298; x_wconf 80' lang='lat' dir='ltr'>secundum</span> <span class='ocrx_word' id='word_1_519' title='bbox 1193 2274 1415 2300; x_wconf 84' lang='lat' dir='ltr'>contrarietatem</span> <span class='ocrx_word' id='word_1_520' title='bbox 1436 2274 1513 2306; x_wconf 89' lang='lat' dir='ltr'>boni,</span> <span class='ocrx_word' id='word_1_521' title='bbox 1535 2281 1562 2300; x_wconf 86' lang='lat' dir='ltr'>et</span> <span class='ocrx_word' id='word_1_522' title='bbox 1582 2274 1656 2300; x_wconf 90' lang='lat' dir='ltr'>mali.</span> 
     </span>
    </p>
   </div>
   <div class='ocr_carea' id='block_1_51' title="bbox 950 2313 1686 2350">
    <p class='ocr_par' dir='ltr' id='par_1_65' title="bbox 950 2313 1686 2350">
     <span class='ocr_line' id='line_1_112' title="bbox 950 2313 1686 2350; baseline 0.003 -10"><span class='ocrx_word' id='word_1_523' title='bbox 950 2334 956 2340; x_wconf 87' lang='lat'>.</span> <span class='ocrx_word' id='word_1_524' title='bbox 978 2313 1075 2340; x_wconf 89' lang='lat' dir='ltr'>Utrum</span> <span class='ocrx_word' id='word_1_525' title='bbox 1097 2315 1132 2340; x_wconf 88' lang='lat' dir='ltr'>sit</span> <span class='ocrx_word' id='word_1_526' title='bbox 1152 2314 1243 2350; x_wconf 86' lang='lat' dir='ltr'>aliqua</span> <span class='ocrx_word' id='word_1_527' title='bbox 1267 2316 1360 2350; x_wconf 88' lang='lat' dir='ltr'>passio</span> <span class='ocrx_word' id='word_1_528' title='bbox 1380 2316 1487 2341; x_wconf 86' lang='lat' dir='ltr'>animae</span> <span class='ocrx_word' id='word_1_529' title='bbox 1506 2325 1563 2341; x_wconf 90' lang='lat' dir='ltr'>non</span> <span class='ocrx_word' id='word_1_530' title='bbox 1583 2315 1686 2342; x_wconf 85' lang='lat' dir='ltr'>habens</span> 
     </span>
    </p>
   </div>
   <div class='ocr_carea' id='block_1_52' title="bbox 1020 2357 1198 2382">
    <p class='ocr_par' dir='ltr' id='par_1_66' title="bbox 1020 2357 1198 2382">
     <span class='ocr_line' id='line_1_113' title="bbox 1020 2357 1198 2382; baseline 0.006 -1"><span class='ocrx_word' id='word_1_531' title='bbox 1020 2357 1198 2382; x_wconf 89' lang='lat' dir='ltr'>contrarium.</span> 
     </span>
    </p>
   </div>
   <div class='ocr_carea' id='block_1_53' title="bbox 951 2396 1686 2434">
    <p class='ocr_par' dir='ltr' id='par_1_67' title="bbox 951 2396 1686 2434">
     <span class='ocr_line' id='line_1_114' title="bbox 951 2396 1686 2434; baseline 0.004 -12"><span class='ocrx_word' id='word_1_532' title='bbox 951 2417 956 2422; x_wconf 96' lang='lat'>.</span> <span class='ocrx_word' id='word_1_533' title='bbox 979 2396 1077 2423; x_wconf 91' lang='lat' dir='ltr'>Utrum</span> <span class='ocrx_word' id='word_1_534' title='bbox 1097 2398 1153 2424; x_wconf 85' lang='lat' dir='ltr'>sint</span> <span class='ocrx_word' id='word_1_535' title='bbox 1173 2398 1280 2433; x_wconf 87' lang='lat' dir='ltr'>aliquae</span> <span class='ocrx_word' id='word_1_536' title='bbox 1295 2399 1439 2434; x_wconf 82' lang='lat' dir='ltr'>passiones</span> <span class='ocrx_word' id='word_1_537' title='bbox 1453 2398 1610 2425; x_wconf 84' lang='lat' dir='ltr'>differentes</span> <span class='ocrx_word' id='word_1_538' title='bbox 1626 2407 1686 2434; x_wconf 88' lang='lat' dir='ltr'>spe-</span> 
     </span>
    </p>
   </div>
   <div class='ocr_carea' id='block_1_54' title="bbox 1016 2439 1687 2507">
    <p class='ocr_par' dir='ltr' id='par_1_68' title="bbox 1016 2439 1687 2507">
     <span class='ocr_line' id='line_1_115' title="bbox 1018 2439 1687 2475; baseline 0.003 -11"><span class='ocrx_word' id='word_1_539' title='bbox 1018 2439 1060 2464; x_wconf 85' lang='lat' dir='ltr'>cie</span> <span class='ocrx_word' id='word_1_540' title='bbox 1082 2439 1110 2464; x_wconf 90' lang='lat' dir='ltr'>in</span> <span class='ocrx_word' id='word_1_541' title='bbox 1132 2439 1228 2465; x_wconf 88' lang='lat' dir='ltr'>eadem</span> <span class='ocrx_word' id='word_1_542' title='bbox 1258 2441 1383 2475; x_wconf 85' lang='lat' dir='ltr'>potentia</span> <span class='ocrx_word' id='word_1_543' title='bbox 1409 2449 1465 2466; x_wconf 88' lang='lat' dir='ltr'>non</span> <span class='ocrx_word' id='word_1_544' title='bbox 1492 2441 1629 2467; x_wconf 80' lang='lat' dir='ltr'>contraria</span> <span class='ocrx_word' id='word_1_545' title='bbox 1654 2441 1687 2466; x_wconf 94' lang='lat' dir='ltr'>ad</span> 
     </span>
     <span class='ocr_line' id='line_1_116' title="bbox 1016 2480 1145 2507; baseline -0.008 0"><span class='ocrx_word' id='word_1_546' title='bbox 1016 2480 1145 2507; x_wconf 85' lang='lat' dir='ltr'>invicem.</span> 
     </span>
    </p>
   </div>
   <div class='ocr_carea' id='block_1_55' title="bbox 1143 2569 1470 2601">
    <p class='ocr_par' dir='ltr' id='par_1_69' title="bbox 1143 2569 1470 2601">
     <span class='ocr_line' id='line_1_117' title="bbox 1143 2569 1470 2601; baseline 0.003 -5"><span class='ocrx_word' id='word_1_547' title='bbox 1143 2569 1337 2601; x_wconf 74' lang='lat' dir='ltr'>QUAESTIO</span> <span class='ocrx_word' id='word_1_548' title='bbox 1363 2570 1470 2597; x_wconf 83' lang='lat' dir='ltr'>XXIV.</span> 
     </span>
    </p>
   </div>
   <div class='ocr_carea' id='block_1_56' title="bbox 994 2627 1619 2666">
    <p class='ocr_par' dir='ltr' id='par_1_70' title="bbox 994 2627 1619 2666">
     <span class='ocr_line' id='line_1_118' title="bbox 994 2627 1619 2666; baseline 0.006 -13"><span class='ocrx_word' id='word_1_549' title='bbox 994 2627 1034 2654; x_wconf 83' lang='lat' dir='ltr'>De</span> <span class='ocrx_word' id='word_1_550' title='bbox 1054 2628 1128 2660; x_wconf 81' lang='lat' dir='ltr'>bono,</span> <span class='ocrx_word' id='word_1_551' title='bbox 1149 2634 1172 2654; x_wconf 79' lang='lat' dir='ltr'>el</span> <span class='ocrx_word' id='word_1_552' title='bbox 1191 2629 1260 2655; x_wconf 75' lang='lat' dir='ltr'>maio</span> <span class='ocrx_word' id='word_1_553' title='bbox 1280 2630 1346 2655; x_wconf 81' lang='lat' dir='ltr'>circa</span> <span class='ocrx_word' id='word_1_554' title='bbox 1363 2631 1489 2666; x_wconf 74' lang='lat' dir='ltr'>passiones</span> <span class='ocrx_word' id='word_1_555' title='bbox 1508 2631 1619 2657; x_wconf 68' lang='lat' dir='ltr'>aniame.</span> 
     </span>
    </p>
   </div>
   <div class='ocr_carea' id='block_1_57' title="bbox 948 2693 1685 2731">
    <p class='ocr_par' dir='ltr' id='par_1_71' title="bbox 948 2693 1685 2731">
     <span class='ocr_line' id='line_1_119' title="bbox 948 2693 1685 2731; baseline 0.003 -11"><span class='ocrx_word' id='word_1_556' title='bbox 948 2714 954 2721; x_wconf 96' lang='lat'>.</span> <span class='ocrx_word' id='word_1_557' title='bbox 979 2693 1077 2721; x_wconf 90' lang='lat' dir='ltr'>Utrum</span> <span class='ocrx_word' id='word_1_558' title='bbox 1097 2694 1211 2727; x_wconf 89' lang='lat' dir='ltr'>bonum,</span> <span class='ocrx_word' id='word_1_559' title='bbox 1235 2702 1262 2720; x_wconf 88' lang='lat' dir='ltr'>et</span> <span class='ocrx_word' id='word_1_560' title='bbox 1288 2695 1389 2721; x_wconf 78' lang='lat' dir='ltr'>malum</span> <span class='ocrx_word' id='word_1_561' title='bbox 1416 2695 1518 2721; x_wconf 82' lang='lat' dir='ltr'>morale</span> <span class='ocrx_word' id='word_1_562' title='bbox 1545 2696 1635 2731; x_wconf 86' lang='lat' dir='ltr'>possit</span> <span class='ocrx_word' id='word_1_563' title='bbox 1657 2697 1685 2722; x_wconf 89' lang='lat' dir='ltr'>in</span> 
     </span>
    </p>
   </div>
   <div class='ocr_carea' id='block_1_58' title="bbox 1019 2736 1469 2771">
    <p class='ocr_par' dir='ltr' id='par_1_72' title="bbox 1019 2736 1469 2771">
     <span class='ocr_line' id='line_1_120' title="bbox 1019 2736 1469 2771; baseline 0.002 -10"><span class='ocrx_word' id='word_1_564' title='bbox 1019 2736 1196 2771; x_wconf 85' lang='lat' dir='ltr'>passionibus</span> <span class='ocrx_word' id='word_1_565' title='bbox 1216 2737 1323 2762; x_wconf 82' lang='lat' dir='ltr'>animae</span> <span class='ocrx_word' id='word_1_566' title='bbox 1344 2737 1469 2763; x_wconf 75' lang='lat' dir='ltr'>inveniri.</span> 
     </span>
    </p>
   </div>
   <div class='ocr_carea' id='block_1_59' title="bbox 947 2777 1683 2813">
    <p class='ocr_par' dir='ltr' id='par_1_73' title="bbox 947 2777 1683 2813">
     <span class='ocr_line' id='line_1_121' title="bbox 947 2777 1683 2813; baseline 0.001 -9"><span class='ocrx_word' id='word_1_567' title='bbox 947 2798 952 2804; x_wconf 92' lang='lat'>.</span> <span class='ocrx_word' id='word_1_568' title='bbox 976 2777 1075 2805; x_wconf 87' lang='lat' dir='ltr'>Utrum</span> <span class='ocrx_word' id='word_1_569' title='bbox 1096 2778 1187 2804; x_wconf 84' lang='lat' dir='ltr'>omnis</span> <span class='ocrx_word' id='word_1_570' title='bbox 1206 2779 1298 2813; x_wconf 81' lang='lat' dir='ltr'>passio</span> <span class='ocrx_word' id='word_1_571' title='bbox 1320 2779 1426 2804; x_wconf 83' lang='lat' dir='ltr'>animae</span> <span class='ocrx_word' id='word_1_572' title='bbox 1447 2779 1483 2804; x_wconf 86' lang='lat' dir='ltr'>sit</span> <span class='ocrx_word' id='word_1_573' title='bbox 1505 2778 1577 2805; x_wconf 83' lang='lat' dir='ltr'>mala</span> <span class='ocrx_word' id='word_1_574' title='bbox 1596 2787 1683 2806; x_wconf 88' lang='lat' dir='ltr'>mora-</span> 
     </span>
    </p>
   </div>
   <div class='ocr_carea' id='block_1_60' title="bbox 974 2818 1682 2934">
    <p class='ocr_par' dir='ltr' id='par_1_74' title="bbox 974 2818 1682 2934">
     <span class='ocr_line' id='line_1_122' title="bbox 1015 2818 1087 2845; baseline 0.014 -1"><span class='ocrx_word' id='word_1_575' title='bbox 1015 2818 1087 2845; x_wconf 80' lang='lat' dir='ltr'>liter.</span> 
     </span>
     <span class='ocr_line' id='line_1_123' title="bbox 974 2859 1682 2896; baseline 0.003 -10"><span class='ocrx_word' id='word_1_576' title='bbox 974 2859 1071 2887; x_wconf 89' lang='lat' dir='ltr'>Utrum</span> <span class='ocrx_word' id='word_1_577' title='bbox 1094 2861 1185 2896; x_wconf 85' lang='lat' dir='ltr'>passio</span> <span class='ocrx_word' id='word_1_578' title='bbox 1205 2861 1296 2893; x_wconf 74' lang='lat' dir='ltr'>addat,</span> <span class='ocrx_word' id='word_1_579' title='bbox 1317 2860 1360 2887; x_wconf 81' lang='lat' dir='ltr'>vel</span> <span class='ocrx_word' id='word_1_580' title='bbox 1385 2861 1521 2888; x_wconf 86' lang='lat' dir='ltr'>diminuat</span> <span class='ocrx_word' id='word_1_581' title='bbox 1544 2862 1578 2888; x_wconf 77' lang='lat' dir='ltr'>ad</span> <span class='ocrx_word' id='word_1_582' title='bbox 1604 2862 1682 2888; x_wconf 84' lang='lat' dir='ltr'>boui-</span> 
     </span>
     <span class='ocr_line' id='line_1_124' title="bbox 1015 2902 1436 2934; baseline 0.005 -7"><span class='ocrx_word' id='word_1_583' title='bbox 1015 2908 1111 2934; x_wconf 83' lang='lat' dir='ltr'>tatem,</span> <span class='ocrx_word' id='word_1_584' title='bbox 1132 2902 1174 2928; x_wconf 82' lang='lat' dir='ltr'>vel</span> <span class='ocrx_word' id='word_1_585' title='bbox 1196 2902 1327 2928; x_wconf 77' lang='lat' dir='ltr'>malitiam</span> <span class='ocrx_word' id='word_1_586' title='bbox 1348 2909 1436 2929; x_wconf 82' lang='lat' dir='ltr'>actus.</span> 
     </span>
    </p>
   </div>
  </div>
 </body>
</html>
