1875 3198
208 169 292 211 660
635 180 855 216 QUAESTIO
887 179 1008 210 XCIII.
1041 179 1285 210 ARTICULUS
1320 179 1347 209 Ι.

706 431 1063 493 QUAESTIO
1104 431 1280 479 Xem.

404 558 467 589 DE
495 557 619 588 LEGE
646 557 884 595 AETERNA,
915 557 967 587 IN
991 556 1077 588 SEX
1103 555 1367 588 ARTICULOS
1393 555 1568 587 DIVISA.

279 692 420 727 Deinde
444 691 746 726 considerandum
770 699 822 725 est
843 690 886 725 de
909 689 1081 737 singulis;
1103 698 1137 724 et
1154 691 1265 737 primo
1288 689 1332 724 de
1353 689 1435 736 lege
1457 696 1622 724 aeterna:
1639 688 1775 724 secundo

209 746 252 781 de
274 746 355 792 lege
376 745 548 780 naturali:
573 746 667 780 turtio
689 745 732 779 de
755 744 836 791 lege
854 745 1035 779 humana:
1055 749 1174 790 quarto
1193 744 1237 779 de
1255 743 1337 790 lege
1355 743 1484 779 veteri:
1503 745 1616 790 quinto
1634 743 1678 777 de
1695 742 1776 789 lege

209 811 315 842 nova,
337 810 428 845 quae
451 807 503 833 est
524 798 581 833 lex
602 798 802 845 Evangelii.
836 799 892 833 De
912 803 1005 833 sexta
1027 806 1150 832 autem
1173 798 1266 844 lege,
1289 808 1381 844 quae
1403 805 1457 832 est
1477 797 1528 832 lex
1541 797 1686 843 fomitis,
1710 795 1778 830 suf-

210 853 307 888 ficiat
327 854 423 900 quod
446 853 582 888 dictum
605 861 658 887 est
680 853 725 898 (q.
748 854 798 888 81.
821 853 875 888 82.
898 857 928 888 et
948 853 1013 899 83.)
1039 864 1123 887 cum
1145 852 1188 887 de
1210 859 1362 898 peccato
1385 851 1554 898 originali
1575 858 1752 897 ageretur.

698 941 802 976 Circa
823 942 977 988 primum
1000 946 1207 988 quaeruntur
1230 937 1297 976 sex:

1849 976 1855 999 e

281 1013 416 1048 Primo.
441 1013 540 1054 Quid
562 1013 608 1048 sit
627 1013 684 1048 lex
707 1021 864 1048 aeterna.
1847 1002 1853 1048 1

282 1067 464 1102 Secundo.
487 1067 619 1102 Utrum
641 1067 686 1101 sit
706 1067 874 1101 omnibus
895 1073 993 1101 nota.
1848 1066 1853 1110 j

283 1120 421 1156 Tertio.
445 1121 576 1156 Utrum
598 1121 718 1156 omnis
740 1120 797 1155 lex
819 1121 860 1155 ab
884 1132 926 1155 ea
947 1120 1138 1154 derivetur.
1847 1119 1853 1163 j

283 1174 437 1215 Quarto.
460 1175 592 1209 Utrum
614 1174 818 1209 necessaria
840 1174 1075 1220 subjiciantur
1096 1173 1169 1220 legi
1191 1180 1369 1208 aeternae.
1847 1173 1853 1209 ⁴

285 1228 436 1269 Quinto.
460 1229 592 1263 Utrum
614 1228 863 1274 contingentia
883 1227 1063 1262 naturalia
1085 1227 1321 1273 subjiciantur
1341 1226 1414 1273 legi
1435 1234 1614 1262 aeternae.

285 1283 406 1318 Sexto.
429 1283 562 1317 Utrum
583 1293 712 1317 omnes
733 1293 789 1316 res
811 1282 995 1316 humanae
1018 1281 1050 1316 ei
1071 1281 1316 1327 subjiciantur.

792 1417 1137 1464 ARTICULUS
1172 1418 1206 1461 1.
1713 1438 1782 1476 492

313 1522 467 1552 UTRUM
491 1522 575 1551 LEX
602 1522 801 1552 AETERNA
829 1521 897 1550 SIT
926 1520 1076 1550 SUMMA
1102 1520 1237 1550 RATIO
1266 1520 1311 1551 IN
1337 1520 1427 1549 DEO
1455 1520 1679 1550 EXISTENS.

511 1611 630 1658 (Schr.
647 1622 676 1656 q.
692 1623 742 1657 91.
758 1615 820 1645 art.
835 1623 863 1645 Ι.
878 1614 907 1644 et
921 1610 1001 1655 infr.
1015 1616 1125 1656 praes.
1140 1621 1170 1655 q.
1185 1614 1249 1644 art.
1261 1621 1290 1655 3.
1304 1614 1335 1644 et
1347 1619 1380 1654 4.
1395 1615 1487 1655 corp.

458 1669 486 1699 et
511 1675 544 1709 4.
571 1665 661 1699 Dist.
685 1676 728 1711 33.
756 1676 786 1710 q.
813 1676 841 1698 1.
868 1669 933 1698 art.
961 1668 992 1698 et
1017 1663 1074 1698 lib.
1099 1675 1128 1709 3.
1153 1663 1270 1698 Contr.
1294 1674 1325 1709 g.
1353 1668 1427 1709 cap.
1454 1663 1548 1709 115).

287 1760 347 1795 AD
368 1770 518 1795 PR1MUM
540 1759 590 1794 sic
613 1759 830 1806 proceditur.
853 1758 1017 1801 Videtur,
1040 1758 1137 1805 quod
1155 1758 1212 1793 lex
1226 1766 1372 1793 aeterna
1385 1769 1459 1793 non
1473 1758 1520 1793 sit
1532 1770 1676 1793 summa
1694 1758 1785 1793 ratio

215 1814 252 1848 in
272 1814 354 1848 Deo
377 1814 550 1849 existens:
572 1812 629 1848 lex
651 1813 748 1848 enim
771 1821 916 1847 aeterna
938 1821 991 1847 est
1012 1824 1083 1846 una
1116 1820 1276 1847 tantum:
1309 1811 1371 1847 sed
1405 1812 1563 1847 rationes
1596 1824 1717 1846 rerum
1749 1812 1786 1846 in

216 1876 336 1902 mente
359 1867 480 1902 divina
501 1875 583 1901 sunt
604 1866 742 1913 plures:
766 1867 852 1901 dicit
868 1860 966 1901 enim
980 1866 1134 1912 August.
1150 1866 1186 1900 in
1201 1865 1262 1900 lib.
1278 1865 1333 1912 83.
1351 1865 1440 1906 QQ.
1458 1865 1504 1912 (q.
1518 1866 1574 1911 46.
1588 1871 1660 1912 post
1673 1866 1785 1911 med),
1843 1879 1851 1917 1·

217 1921 314 1968 quod
335 1922 434 1955 Deus
456 1921 597 1967 singula
619 1920 702 1955 fecit
729 1921 882 1967 propriis
904 1920 1124 1962 rationibu53
1148 1931 1235 1966 ergo
1269 1919 1326 1954 lex
1361 1927 1507 1954 aeterna
1541 1931 1616 1954 non
1647 1920 1788 1955 videtur
1839 1937 1851 2006 1

217 1987 294 2010 6556
315 1975 424 2017 idern,
448 1975 544 2021 quod
566 1975 657 2009 ratio
677 1974 716 2008 in
739 1982 860 2008 mente
883 1974 1004 2008 divina
1027 1974 1193 2008 existens.

290 2039 320 2062 2.
355 2029 592 2063 PRAETEREA.
614 2029 670 2062 De
693 2028 832 2062 ratione
854 2027 944 2074 legis
967 2035 1031 2069 est,
1054 2027 1151 2074 quod
1173 2027 1284 2061 verbo
1315 2026 1577 2073 promulgetur,
1611 2035 1650 2062 ut
1681 2038 1788 2074 supra
1839 2009 1849 2035 ¹

219 2082 356 2117 dictum
378 2090 431 2116 est
454 2082 498 2128 (q.
522 2094 577 2129 90.
600 2087 665 2117 art.
684 2083 749 2127 4.):
773 2081 835 2116 sed
857 2083 996 2116 Δῑ’ω’1νιιιιι
1018 2081 1054 2115 in
1077 2081 1206 2115 divinis
1229 2081 1359 2115 dicitur
1377 2080 1626 2128 personaliter,
1645 2089 1684 2116 ut
1700 2081 1737 2115 in
1759 2092 1786 2115 1.

218 2136 383 2171 habitum
406 2143 459 2170 est
479 2136 527 2182 (q.
546 2147 598 2182 34.
621 2141 684 2170 art.
708 2136 766 2181 1.):
789 2136 876 2169 ratio
901 2143 1022 2169 autem
1045 2134 1174 2169 dicitur
1197 2134 1451 2178 essentialiter3
1472 2146 1547 2169 non
1565 2135 1674 2181 igitur
1691 2135 1788 2169 idem

220 2198 273 2225 est
293 2189 349 2224 lex
371 2197 527 2231 aeterna,
550 2189 645 2235 quod
668 2189 758 2223 ratio
782 2189 913 2223 divina.

295 2255 323 2290 3.
346 2243 582 2278 PRAETEREA.
606 2243 830 2289 Augustinus
853 2242 939 2277 dicit
959 2242 995 2276 in
1017 2241 1108 2276 libro
1140 2241 1183 2276 de
1218 2241 1314 2276 Vera
1344 2241 1461 2288 Relig.
1497 2243 1584 2289 (cap.
1602 2255 1655 2290 30.
1677 2243 1789 2289 infin.
1820 2139 1852 2360 ἒ

220 2303 248 2333 εἰ
264 2310 311 2344 31.
335 2298 368 2331 in
384 2298 529 2344 princ.):
552 2297 703 2343 Apparet
722 2303 823 2343 snpra
846 2301 983 2331 multam
1005 2301 1153 2331 nostram
1175 2296 1276 2342 legam
1297 2307 1371 2338 csse,
1394 2307 1476 2342 quas
1496 2297 1623 2332 *veritas
1645 2296 1788 2331 dicitur.-

221 2351 276 2386 lex
299 2360 420 2386 autem
438 2362 544 2397 supra
563 2358 723 2384 mentem
750 2358 913 2384 nostram
941 2350 1094 2384 existens
1114 2358 1167 2384 est
1192 2349 1248 2384 lex
1277 2358 1439 2392 aetem-013
1471 2361 1558 2396 ergo
1584 2349 1715 2384 veritas
1738 2358 1792 2384 est
1843 2362 1846 2375 1

220 2405 277 2440 lex
299 2413 462 2440 aeterna:
477 2404 538 2439 sed
552 2415 627 2438 non
646 2412 698 2438 est
713 2404 841 2438 eadem
856 2404 947 2438 ratio
962 2403 1133 2446 veritatis,
1149 2411 1183 2438 et
1198 2403 1366 2446 rationis;
1382 2414 1469 2450 ergo
1483 2402 1540 2438 lex
1555 2411 1701 2438 aeterna
1716 2414 1790 2438 non
1833 2373 1849 2502 {¹

222 2467 275 2494 est
296 2459 404 2501 idem,
427 2458 524 2505 quod
546 2458 637 2492 ratio
660 2469 814 2492 summa.

295 2512 368 2547 SED
392 2523 547 2547 CONTRA
568 2520 632 2554 est,
655 2511 751 2558 quod
774 2512 926 2557 August.
950 2511 1065 2546 dicit
1057 2523 1093 2545 in
1120 2522 1146 2545 1.
1171 2511 1214 2545 de
1235 2511 1311 2545 Lib.
1331 2511 1417 2545 Arb.
1439 2510 1526 2558 (cap.
1546 2511 1579 2547 6.
1598 2512 1658 2546 cir.
1676 2510 1790 2557 mad),
1830 2499 1848 2545 2

222 2566 318 2613 quod
340 2565 397 2601 lex
419 2574 563 2600 aeterna
587 2573 639 2600 est
660 2577 804 2599 summa
826 2565 930 2607 ratio,
953 2565 1009 2599 cui
1032 2576 1174 2610 semper
1193 2564 1519 2611 obtemperandum
1538 2571 1601 2599 est.
1828 2550 1851 2593 1²¹

292 2620 522 2655 RESPONDEO
545 2619 751 2661 dicendum,
775 2619 870 2665 quoi
902 2619 994 2653 sicut
1027 2619 1062 2653 in
1098 2619 1260 2665 quolibet
1293 2617 1429 2653 artifice
1463 2618 1668 2665 praeexistit
1700 2618 1792 2653 ratio
1829 2621 1840 2668 j

223 2685 362 2716 eorum,
378 2685 469 2720 quae
485 2674 751 2708 constituuntur
765 2685 828 2719 per
848 2681 978 2708 arteni:
994 2673 1041 2707 ita
1057 2673 1165 2707 etiam
1182 2673 1217 2706 in
1234 2672 1395 2719 quolibet
1409 2673 1631 2719 gubernante
1650 2680 1794 2719 oportet

223 2728 320 2775 quod
342 2728 556 2774 praeexistat
577 2728 667 2762 ratio
691 2727 826 2761 ordinis
848 2738 988 2769 eorum,
1011 2738 1102 2773 quae
1126 2727 1264 2772 agenda
1287 2734 1369 2761 sunt
1390 2737 1453 2773 per
1475 2737 1550 2768 eos,
1578 2726 1639 2773 qui
1669 2727 1795 2771 guber·
1819 2719 1839 2768 J

224 2782 361 2816 nationi
384 2782 600 2816 subduntur:
626 2789 659 2816 et
681 2781 773 2815 sicut
794 2781 885 2815 ratio
909 2792 1030 2815 rerum
1064 2780 1264 2815 fientiarum
1295 2791 1358 2827 per
1392 2788 1506 2814 artem
1540 2788 1691 2814 vocatur
1724 2791 1792 2822 ars,

225 2835 282 2870 vel
304 2835 487 2882 exemplar
508 2847 630 2870 rerum
653 2834 935 2876 artificiatarum,
957 2835 1004 2868 ita
1028 2835 1137 2868 etiam
1161 2834 1251 2868 ratio
1279 2833 1512 2880 gubernantis
1545 2841 1646 2868 actus
1679 2832 1794 2868 subdi-

225 2897 347 2924 torum
369 2890 548 2924 rationem
570 2889 659 2935 legis
682 2889 830 2931 obtinet,
852 2888 1000 2923 servatis
1026 2888 1114 2931 aliis,
1137 2887 1233 2934 quod
1257 2899 1364 2934 supra
1383 2887 1430 2934 (q.
1450 2888 1522 2934 90.)
1543 2897 1620 2922 esse
1639 2887 1793 2921 diximus
