1907 3198
468 187 688 225 QuAsssrlo
720 186 880 217 Lxxxv.
914 184 1160 217 ARTICULUS
1193 184 1221 214 1.
1548 172 1632 226 607

59 269 290 307 marium
320 268 455 310 virtuti,
481 280 526 304 ex
546 269 617 303 hoc
646 268 725 315 ipso
751 268 848 316 quod
871 267 986 302 homo
1008 274 1148 313 peccat,
1180 264 1392 299 diminuitur
1417 264 1554 298 bonum
1577 275 1637 298 na-

56 321 179 367 m,
198 321 297 370 quod
317 329 372 357 est
401 321 588 357 inclinatio
610 322 653 356 ad
675 322 856 357 virtutem.

64 381 65 385 ’
135 376 200 415 An
218 385 369 412 munna
390 385 478 422 ergo
500 375 706 417 dicendum,
729 375 826 422 quod
849 373 1048 421 Dionysius
1069 372 1230 419 loquitur
1251 372 1295 406 de
1316 371 1415 405 bono
1438 370 1557 418 primo
1576 381 1637 404 na-

57 435 181 473 me,
200 429 298 477 quod
315 436 389 464 est:
410 440 483 470 esse,
505 430 556 463 vit
567 441 631 471 ere,
654 436 688 463 et
707 429 908 474 intelligar&
932 436 969 462 ut
990 435 1088 474 patet
1108 427 1185 471 ejus
1206 425 1315 460 verba
1336 424 1500 459 intuenti.

137 482 200 519 An
211 491 422 519 “eunoun
435 481 643 524 dicendum,
658 482 755 528 quod
770 490 910 524 natura,
924 481 991 515 etsi
1005 480 1050 515 sit
1063 479 1162 527 prior
1175 490 1286 526 quam
1300 477 1508 512 voluntaria
1527 477 1636 519 actio,

59 543 189 574 men
209 534 320 571 habet
344 534 620 571 inclinationem
643 536 687 570 ad
714 535 912 582 quamdam
934 534 1179 569 voluntariam
1207 533 1410 574 actionem
1438 531 1533 566 unde
1559 531 1635 578 ipsa

59 597 195 627 utun
214 588 415 625 secundum
435 599 474 623 se
495 599 570 623 non
602 589 762 623 variatur
779 597 925 636 propter
945 587 1187 622 variationem
1213 585 1440 621 voluntariae
1464 585 1636 620 actionis:

62 641 132 681 §od
148 642 231 690 ipsa
248 641 438 677 inclinatio
463 642 622 677 variatur
642 653 685 677 ex
706 642 768 677 illa
790 650 901 703 parte,
920 654 991 689 qua
1012 642 1200 677 ordinatur
1221 641 1265 675 ad
1287 641 1496 676 terminum.

135 695 385 732 Anmrwu
404 695 614 738 dicendum,
634 696 732 743 quod
754 696 851 731 actio
872 695 1078 730 voluntaria
1099 695 1263 742 procedit
1277 706 1319 729 ex
1341 694 1492 729 diversis
1513 701 1638 740 poten-

61 748 312 797 &quarum
332 759 405 784 una
437 757 491 785 est
511 749 641 792 activa,
667 758 702 784 et
729 749 799 784 alia
821 749 982 796 passiva:
1005 757 1040 784 et
1070 760 1113 784 ex
1134 749 1206 783 hoc
1229 747 1420 794 contingit,
1449 747 1547 794 quod
1574 758 1638 794 per

60 801 231 840 m
249 802 476 838 voluntarias
496 810 665 838 causatur
686 802 834 850 aliquid,
860 802 918 838 vel
940 802 1098 837 aufertur
1119 802 1162 836 ab
1184 802 1336 836 homine
1360 801 1412 836 sic
1435 808 1577 847 agente,
1600 809 1638 835 ut

64 863 175 905 ”ra
191 855 334 893 dictum
353 863 409 892 est
428 856 477 903 (q.
492 867 540 903 51.
559 862 623 891 art.
643 868 662 892 2
667 857 707 902 .)‚
737 867 822 891 cum
843 857 888 891 de
910 856 1146 902 generatione
1167 855 1358 890 habituum
1379 862 1558 901 ageretur.

65 918 82 937 Π
136 909 200 946 ΑΙ)
219 919 409 951 wutron
434 910 643 952 dicendum,
661 910 759 957 quod
782 910 951 945 accidens
972 921 1046 944 non
1068 909 1144 955 agit
1166 908 1361 944 effective
1353 919 1389 943 in
1410 908 1632 953 subjectum:

60 962 152 1012 igit
158 970 286 1000 tamen
305 962 535 999 formaliter
526 974 562 998 m
581 963 713 1010 ipsum,
735 974 780 998 eo
802 963 915 998 modo
934 963 1106 1010 loquendi
1128 973 1201 1009 quo
1223 962 1366 1004 dicitur,
1387 961 1485 1008 quod
1505 960 1635 996 albedo

0 1062 2 1066 λ
59 1015 156 1054 stat
178 1016 319 1052 album·
339 1024 379 1052 et
397 1017 450 1052 sic
471 1015 564 1051 nihil
584 1017 764 1078 prohibet,
778 1017 876 1064 quod
898 1025 1090 1063 peccatum
1112 1016 1292 1051 diminuat
1311 1015 1449 1050 bonum
1467 1023 1637 1049 naturae:

53 1067 254 1108 &numen
273 1070 400 1115 modo,
419 1081 494 1118 quo
515 1079 570 1106 est
589 1071 667 1118 ipsa
680 1070 875 1106 diminutio
896 1071 983 1105 boni
1003 1078 1166 1112 naturae,
1181 1070 1397 1116 inquantum
1419 1069 1574 1116 pertinet
1595 1068 1639 1103 ad

65 1124 377 1162 inordinationem
395 1129 515 1160 actus}
530 1124 593 1159 sed
611 1132 787 1172 quantum
803 1124 847 1159 ad
862 1124 1170 1159 inordinationem
1186 1123 1336 1169 agentis,
1356 1130 1502 1169 oportet
1519 1122 1640 1157 dicere

2 1197 4 1204 ν
58 1177 166 1229 quod
185 1176 268 1214 talis
288 1177 511 1214 inordinatio
532 1185 701 1213 causatur
720 1189 784 1224 per
804 1178 888 1220 hoc,
915 1177 1012 1224 quod
1035 1178 1071 1212 in
1099 1177 1237 1211 actibus
1259 1176 1403 1211 animae
1426 1175 1560 1222 aliquid
1583 1183 1637 1210 est

2 1269 4 1275 ‚
123 1246 155 1261 ο·
191 1242 242 1275 m,
259 1239 295 1268 et
315 1230 450 1293 aliquid
471 1231 675 1278 passivum:
695 1232 788 1266 sicut
808 1230 977 1266 sensibile
995 1238 1119 1265 movet
1141 1230 1340 1276 appetitum
1362 1230 1587 1271 sensitivam,
1606 1236 1642 1263 et

3 1325 5 1333 ¹
61 1284 247 1334 „pennu
270 1284 465 1322 sensitivus
492 1284 644 1320 inclinat
668 1285 862 1327 rationem,
892 1292 928 1319 et
949 1283 1188 1326 voluntatem,
1218 1291 1257 1318 ut
1285 1293 1393 1329 supra
1420 1283 1557 1317 dictum
1587 1290 1642 1317 est

49 1350 91 1411 ᾗ
130 1347 186 1387 77.
205 1343 272 1375 art.
289 1350 320 1375 1.
337 1343 369 1375 et
385 1350 419 1386 q.
436 1339 494 1375 80.
514 1343 581 1374 art.
601 1338 662 1383 1.),
679 1349 714 1373 et
734 1349 777 1373 ex
797 1338 870 1373 hoc
890 1345 1059 1373 causatur
1076 1337 1308 1378 inordinatio,
1329 1347 1403 1370 non
1422 1336 1570 1383 quidem
1593 1336 1642 1370 ita

129 1413 132 1420 ·
154 1409 158 1419 ·
187 1391 358 1428 accidens
384 1399 470 1439 agat
496 1391 534 1427 in
559 1391 748 1439 proprium
778 1391 994 1438 subjectum,
1019 1391 1080 1426 sed
1103 1391 1304 1426 secundum
1331 1391 1428 1437 quod
1455 1390 1639 1438 objectum

58 1444 147 1494 ῳ
162 1446 202 1485 in
222 1445 436 1494 potentiam,
457 1453 494 1481 et
509 1456 583 1481 una
606 1445 770 1492 potentia
792 1446 867 1492 agit
887 1445 924 1480 in
946 1445 1067 1488 aliam,
1089 1452 1125 1480 et
1144 1444 1335 1480 deordinat
1355 1443 1484 1490 ipsam.

634 1575 981 1622 ARTICULUS
1015 1576 1072 1620 ΙΙ.
1570 1597 1638 1633 453

356 1683 511 1716 UTRUM
532 1684 694 1716 TOTUM
715 1684 871 1715 BONUM
891 1685 1105 1715 ROMANAE
1126 1683 1334 1715 NATURAE

485 1750 638 1781 Possm·
665 1750 849 1782 AUFERRI
877 1751 955 1782 PER
976 1750 1228 1781 PECCATUM.

63 1884 71 1891 .
118 1836 223 1887 (Insr.
242 1849 274 1885 q.
294 1849 345 1886 93.
365 1842 430 1874 art.
452 1838 487 1874 6.
504 1838 547 1874 ad
560 1850 588 1874 ι.
609 1843 640 1874 et
657 1843 748 1886 part.
770 1851 798 1875 1.
817 1851 847 1886 q.
868 1840 925 1884 48.
946 1843 1012 1874 art.
1033 1850 1066 1884 4.
1088 1843 1116 1873 ct
1137 1850 1169 1874 2.
1191 1838 1281 1873 Disl.
1302 1838 1336 1873 6.
1358 1842 1423 1872 art.
1444 1848 1478 1882 4.
1500 1836 1544 1872 ad
1564 1849 1594 1884 3.

114 1941 118 1947 '
182 1895 213 1929 a
232 1892 322 1929 Dist.
335 1902 390 1940 34.
408 1897 472 1927 art.
491 1903 519 1939 5.
537 1897 567 1927 et
588 1892 674 1927 Mal.
695 1904 726 1939 q.
749 1903 780 1928 2.
801 1897 866 1927 art.
887 1904 938 1928 12.
960 1898 990 1928 et
1010 1892 1068 1927 lib.
1085 1903 1114 1939 3.
1136 1892 1253 1928 Contr.
1270 1903 1302 1938 g.
1324 1898 1398 1939 cap.
1418 1891 1518 1936 118).

75 2007 77 2010 .
140 1981 205 2018 Au
222 1991 433 2019 smum(
454 1981 507 2017 sic
527 1981 746 2028 proceditur.
767 1980 931 2024 Videtur,
952 1981 1051 2028 quod
1072 1988 1191 2016 totum
1211 1980 1349 2015 bonum
1376 1980 1561 2014 humanae
1581 1990 1642 2014 na-

189 2035 307 2083 poesit
324 2046 391 2083 per
414 2043 608 2082 peccatum
638 2034 788 2070 auferri:
810 2035 949 2070 bonum
976 2035 1075 2070 enim
1102 2043 1252 2070 naturae
1274 2034 1458 2069 humanae
1487 2033 1641 2076 finitum,

88 2112 96 2115 ‡
154 2099 243 2125 mm
261 2095 298 2125 et
315 2089 395 2136 ipsa
413 2098 542 2124 natura
563 2089 725 2124 humana
740 2089 787 2124 sit
799 2088 917 2124 finita:
941 2089 1002 2124 sed
1024 2088 1212 2136 quodlibet
1225 2087 1368 2122 finitum
1382 2087 1542 2122 totaliter
1560 2099 1647 2122 con-

100 2142 237 2187 ·u'tur,
255 2141 353 2179 sacta
381 2142 555 2178 continua
585 2141 787 2185 ablatione3
816 2153 901 2178 cum
928 2153 1017 2189 ergo
1038 2142 1177 2177 bonurn
1203 2150 1354 2177 naturae
1381 2141 1553 2176 continue
1580 2152 1644 2188 per

194 2215 213 2224 ν
235 2215 253 2226 ··
275 2195 431 2233 diminui
449 2195 576 2243 possit,
596 2196 738 2231 videtur
757 2196 856 2243 quod
875 2196 988 2243 possit
1005 2195 1224 2243 quandoque
1246 2194 1406 2230 totaliter
1427 2195 1606 2230 consumi.

86 2251 108 2284 ἱ
142 2259 179 2287 2.
198 2249 439 2287 Fumi-:A-
448 2248 599 2293 Eorum,
620 2261 713 2310 quae
735 2258 818 2285 sunt
839 2249 944 2285 unius
965 2258 1128 2292 naturae,
1150 2248 1278 2284 similis
1300 2256 1354 2284 est
1374 2249 1466 2283 ratio
1488 2248 1532 2283 de
1553 2256 1645 2290 toto,

125 2302 174 2340 de
192 2302 373 2351 partibus:
393 2303 488 2339 sicut
508 2311 606 2350 patet
626 2303 662 2338 in
682 2314 776 2346 aere,
799 2311 832 2338 et
855 2303 890 2338 in
913 2314 1017 2350 aqua,
1039 2311 1074 2338 et
1093 2314 1213 2346 carne,
1235 2311 1271 2338 et
1290 2302 1460 2337 omnibus
1484 2302 1646 2349 corpori-

158 2355 333 2394 similinm
352 2356 529 2418 partium:
543 2357 606 2392 sed
628 2357 767 2392 bonum
789 2364 938 2392 naturae
959 2365 1013 2392 est
1029 2356 1190 2392 totaliter
1210 2355 1411 2399 uniforme;
1427 2367 1511 2390 cum
1534 2356 1642 2401 igitur

102 2427 121 2458 ,-
168 2410 248 2458 eius
267 2409 384 2458 possit
401 2409 535 2446 auferri
548 2421 611 2457 per
625 2419 828 2457 peccatum,
841 2418 958 2446 totum
976 2410 1086 2446 etiam
1104 2422 1168 2457 per
1181 2419 1373 2458 peccatum
1393 2408 1523 2444 auferri
1539 2419 1645 2455 posse

149 2527 180 2564 3.
198 2515 438 2554 PRAETEREA.
457 2516 602 2553 Bonum
617 2525 779 2560 naturae,
796 2517 894 2564 quod
909 2529 971 2564 pcr
985 2526 1176 2564 peccatum
1199 2517 1384 2558 minuitur,
1406 2525 1459 2551 est
1476 2514 1646 2550 habilitas

124 2569 328 2607 sinum:
344 2570 411 2606 aed
426 2570 464 2606 in
477 2571 694 2619 quibusdam
716 2579 862 2617 propter
882 2580 1074 2617 peccatum
1096 2571 1264 2606 habilitas
1279 2570 1463 2617 praedicta
1485 2568 1645 2604 totaliter

97 2628 101 2629 ⁷
191 2644 195 2653 ι
218 2635 231 2668 ;
251 2631 290 2660 ut
305 2631 406 2671 patet
426 2623 463 2660 in
483 2624 676 2666 damnatis,
697 2623 756 2671 q'ui
773 2624 930 2670 reparari
946 2625 990 2659 ad
1005 2625 1176 2660 virtutem
1198 2635 1272 2659 non
1289 2631 1451 2670 possunt,
1470 2623 1563 2657 sicut
1577 2633 1643 2657 nec

103 2679 106 2682 ’
136 2699 139 2703 -
162 2687 206 2715 us
225 2676 273 2713 nd
289 2676 428 2721 visuum
445 2687 535 2724 ergo
556 2686 750 2724 peccatum
772 2686 891 2724 potest
911 2677 1071 2713 totaliter
1092 2678 1222 2713 tollere
1244 2678 1382 2712 bonum
1404 2685 1566 2710 naturae.

105 2743 125 2770 ε·
144 2729 223 2768 Su>
254 2740 412 2768 coum
436 2739 502 2774 est,
523 2730 620 2778 quod
649 2730 803 2777 August.
825 2731 912 2766 dicit
941 2731 976 2766 in
1000 2730 1181 2766 Enchirid.
1206 2731 1293 2778 (cap.
1316 2743 1359 2777 13·
1382 2736 1411 2765 ct
1443 2730 1524 2774 ιφ),
1548 2728 1645 2776 quod

96 2791 98 2793 ’
130 2802 132 2809 1
220 2795 288 2821 non
306 2789 352 2820 cst
370 2785 436 2820 nisi
455 2785 490 2820 in
516 2785 622 2820 bono:
648 2785 711 2820 sed
734 2783 872 2819 malum
906 2784 1035 2831 culpae
1057 2796 1130 2820 non
1154 2793 1272 2832 potest
1293 2795 1372 2819 csse
1395 2784 1430 2817 in
1451 2783 1551 2817 bono
1581 2783 1647 2817 vir-

18 2852 21 2865 ·
79 2835 83 2840 “
124 2857 144 2865 ·-
190 2837 250 2875 vel
268 2837 427 2886 gratian
443 2836 528 2886 quia
549 2846 604 2874 est
623 2837 657 2873 ei
678 2838 922 2881 contrarium;
944 2849 1032 2885 ergo
1055 2846 1209 2885 oportet,
1231 2837 1328 2885 quod
1344 2837 1387 2871 sit
1411 2836 1446 2871 in
1468 2836 1568 2871 bono
1587 2846 1646 2871 na-

99 2886 109 2893 ”
186 2902 198 2936 ;
217 2900 293 2928 non
313 2902 403 2940 ergo
425 2890 588 2928 totaliter
607 2889 703 2927 tollit
725 2892 855 2938 ipsum.
