1875 3198
218 217 300 259 628
599 229 820 264 QUAESTIO
855 230 1063 259 LXXXVIII.
1100 229 1344 259 ARTICULUS
1378 230 1404 259 Ι.

217 323 237 345 1
258 311 356 345 bono
387 311 690 353 incommutabili,
718 323 805 357 ergo
828 319 954 358 peccat
976 311 1198 353 mortaliter,
1220 323 1294 345 non
1317 322 1404 357 ergo
1432 312 1690 368 6011ν6111611161
1711 324 1791 358 pec-

218 372 339 399 catum
360 364 502 399 venitle
526 372 651 398 contra
673 365 827 399 mortale
851 365 1030 399 dividitur

290 418 364 453 SED
388 429 543 453 CONTRA
572 426 635 460 est,
659 419 755 464 quod
778 419 933 463 August
964 419 1078 452 dicit
1070 431 1105 452 111
1128 419 1230 454 110111.
1255 430 1362 464 super
1380 419 1486 464 Joan.
1511 419 1594 463 (scil.
1617 424 1714 454 tract.
1740 430 1791 464 41.

218 485 238 507 a
256 472 338 506 mat
358 478 387 507 ct
410 473 442 506 in
466 472 638 506 Enchirid.
658 478 730 518 cup.
754 483 810 516 44.
835 474 868 505 in
888 473 981 518 fin),
1011 472 1108 518 quod
1131 474 1268 507 crimen
1297 480 1359 515 est,
1391 472 1489 518 quod
1516 472 1792 507 damnationem

219 534 391 560 meretur:
423 525 564 559 veniale
593 534 715 559 autem
741 535 804 566 est,
832 526 929 571 quod
956 537 1030 559 non
1058 534 1217 560 meretur
1244 526 1538 560 damnationem:
1567 527 1628 560 sed
1657 528 1792 561 crimen

218 580 385 614 nominat
406 587 598 625 peccatum
630 578 801 621 mortale3
825 590 912 625 ergo
943 579 1085 613 veniale
1115 588 1307 625 peccatum
1338 580 1597 614 convenienter
1626 580 1795 615 dividitur

220 641 346 668 contra
369 633 535 666 mortale.

292 687 521 721 RESPONDEO
548 685 754 727 dicendum,
777 686 873 732 quod
898 686 1029 732 aliqua,
1053 686 1254 721 secundum
1277 687 1373 733 quod
1392 687 1536 734 proprie
1558 687 1794 734 accipiuntur,

220 752 295 775 non
317 740 485 774 videntur
508 751 585 774 esse
618 740 797 785 opposita,
820 751 912 786 quae
941 741 970 774 si
997 741 1246 786 metaphorice
1274 741 1508 786 accipiantur,
1536 741 1673 786 opponi
1697 740 1795 774 inve-

220 795 381 829 niuntur:
405 794 497 827 sicut
511 793 625 827 ridere
648 804 722 827 non
739 794 934 839 opponitur
956 794 988 828 ei
1010 794 1106 840 quod
1130 802 1183 828 est
1197 806 1380 837 arescere;
1403 794 1464 829 sed
1483 794 1683 829 secundum
1699 793 1795 840 quod

220 848 336 882 ridere
353 847 603 908 metaphorice
619 847 662 881 de
678 855 781 892 piato
797 847 936 890 dicitur,
950 856 1097 894 propter
1112 849 1187 894 ejus
1202 848 1435 891 floritionem,
1451 856 1486 883 et
1497 848 1668 890 virorem,
1687 858 1798 894 oppo—

221 904 316 936 nitur
339 902 371 936 ei
393 901 491 947 quod
513 909 565 935 est
587 912 759 935 ire-scere.

297 954 483 996 Similiter,
502 954 531 989 si
553 954 707 989 mortale
731 955 874 1001 proprie
897 955 1104 1002 accipiatur,
1128 964 1234 1001 prout
1255 955 1406 990 refertur
1427 955 1471 989 ad
1493 963 1651 990 1110116111
1673 966 1800 1000 corpo-

224 1009 448 1051 1116111,11011
461 1008 603 1042 videtur
618 1009 888 1054 oppositionem
903 1009 1037 1043 habere
1061 1021 1145 1043 611111
1166 1009 1311 1052 veniali,
1333 1021 1399 1044 nec
1419 1009 1462 1044 ad
1480 1009 1578 1044 idem
1597 1020 1710 1055 genus
1723 1020 1800 1054 per-

222 1064 356 1097 tinere:
380 1062 441 1096 sed
464 1062 493 1096 si
515 1061 669 1096 mortale
693 1063 892 1108 accipiatur
913 1063 1175 1109 metaphorice,
1190 1063 1393 1097 secundum
1409 1064 1506 1110 quod
1521 1063 1650 1097 dicitur
1666 1063 1704 1097 in
1720 1073 1800 1109 pec-

223 1118 323 1159 catis,
339 1115 494 1150 mortale
511 1116 707 1162 opponitur
722 1116 765 1158 ei,
781 1116 878 1162 quod
895 1125 948 1151 est
960 1116 1122 1151 veniale:
1147 1128 1229 1151 cum
1244 1117 1342 1151 enim
1356 1125 1547 1163 peccatum
1562 1118 1607 1151 sit
1620 1116 1799 1163 quaedam

222 1170 412 1205 infirmitas
443 1170 598 1212 animae,
621 1177 659 1204 ut
690 1181 797 1216 supra
818 1170 984 1204 habitum
1007 1178 1060 1205 est
1083 1171 1128 1216 (q.
1149 1182 1196 1217 71.
1220 1176 1285 1206 art.
1308 1183 1335 1206 Ι.
1359 1170 1400 1205 ad
1418 1183 1446 1217 3.
1469 1176 1500 1206 et
1516 1182 1546 1217 q.
1566 1182 1618 1217 72.
1637 1175 1702 1205 art.
1721 1180 1750 1216 5.
1773 1174 1800 1204 et

225 1237 254 1271 t]-
280 1235 332 1271 74.
356 1229 421 1259 art.
442 1236 473 1270 9.
493 1224 536 1258 ml
554 1224 615 1269 2.)‚
632 1232 824 1270 peccatum
841 1223 988 1270 aliquod
1003 1224 1158 1259 mortale
1174 1224 1305 1259 dicitur
1320 1224 1364 1259 ad
1379 1224 1654 1259 similitudinem
1669 1223 1800 1265 morbi,

224 1279 285 1325 qui
307 1278 436 1312 dicitur
458 1277 636 1319 mortalis,
660 1288 701 1311 ex
724 1289 767 1312 eo
783 1278 880 1324 quod
903 1278 1042 1312 inducit
1063 1278 1245 1312 defectum
1266 1278 1539 1325 irreparabilem
1567 1289 1629 1324 per
1659 1277 1802 1311 destitu-

224 1334 363 1367 tionem
386 1332 537 1378 alicujus
559 1332 736 1378 principii,
759 1340 798 1366 ut
820 1333 956 1367 dictum
981 1341 1034 1367 est
1055 1333 1100 1379 (q.
1124 1344 1176 1379 72.
1196 1338 1259 1368 art.
1275 1333 1332 1379 5.).
1351 1333 1576 1378 Principium
1595 1340 1717 1367 autem
1735 1332 1803 1378 spi-

226 1386 363 1421 ritualis
385 1386 492 1428 vitae,
521 1397 612 1432 quae
641 1394 693 1420 est
719 1386 922 1420 secundum
949 1387 1132 1428 virtutem,
1156 1395 1208 1421 est
1231 1387 1321 1421 ordo
1345 1387 1388 1421 ad
1415 1386 1587 1420 ultimum
1619 1386 1742 1428 finem,
1764 1393 1803 1420 ut

226 1453 333 1486 supra
349 1440 486 1474 dictum
501 1447 554 1474 est
577 1439 622 1486 (q.
646 1450 698 1486 72.
718 1445 782 1474 art.
798 1451 826 1486 5.
847 1445 875 1474 ct
896 1452 926 1486 q.
945 1442 998 1486 87.
1021 1445 1088 1475 art.
1104 1441 1163 1486 3),
1183 1441 1243 1487 qui
1259 1440 1417 1486 quidem,
1432 1440 1462 1474 si
1483 1440 1671 1474 destitutus
1685 1438 1801 1481 fuerit,

228 1494 385 1540 reparari
407 1505 481 1528 non
504 1502 623 1539 potest
644 1505 707 1539 per
729 1493 875 1540 aliquod
904 1494 1122 1540 principium
1144 1494 1394 1536 intrinsecum,
1417 1493 1479 1528 sed
1501 1493 1622 1527 solum
1649 1504 1712 1539 per
1736 1493 1803 1526 vir-

227 1556 342 1583 tutem
358 1547 530 1589 divinam,
547 1555 585 1581 ut
599 1559 706 1593 supra
722 1548 858 1581 dictum
882 1555 934 1582 est
958 1548 1002 1593 (q.
1025 1549 1079 1594 87.
1103 1553 1166 1582 art.
1185 1549 1244 1594 3.),
1268 1547 1352 1594 (11113
1373 1547 1659 1582 inordinationes
1674 1557 1802 1580 eorum

228 1614 319 1649 quae
342 1610 424 1636 sunt
440 1602 483 1636 ad
506 1601 629 1643 finem,
651 1609 863 1647 reparantur
885 1613 927 1635 ex
949 1601 1039 1644 fine3
1062 1602 1155 1636 sicut
1176 1613 1287 1643 error,
1310 1601 1371 1647 qui
1386 1600 1518 1635 accidit
1539 1601 1636 1634 circa
1658 1599 1804 1635 conclu-

228 1658 361 1698 siones,
389 1668 453 1701 per
478 1656 669 1689 veritatem
697 1655 959 1701 principiorum
987 1663 1191 1701 reparatur,
1219 1654 1380 1689 defectus
1408 1666 1495 1701 ergo
1523 1654 1659 1689 ordinis
1685 1653 1804 1688 ultimi

230 1710 309 1744 finis
328 1721 402 1743 non
418 1717 536 1755 potest
550 1720 613 1755 per
627 1709 762 1755 aliquid
779 1709 874 1743 aliud
890 1709 1060 1755 reparari,
1077 1709 1173 1755 quod
1189 1710 1232 1743 sit
1246 1708 1491 1755 principalius,
1505 1709 1597 1743 sicut
1610 1719 1677 1742 nec
1693 1719 1804 1750 error,

229 1764 291 1810 qui
313 1771 365 1798 est
393 1763 488 1796 circa
512 1763 701 1809 principia3
725 1771 760 1796 et
781 1763 863 1797 ideo
891 1763 1104 1809 hujusmodi
1125 1771 1275 1809 peccata
1303 1762 1470 1797 dicuntur
1495 1761 1676 1804 mortalia,
1703 1761 1805 1808 quasi

229 1817 487 1864 irreparabilia.
509 1817 665 1850 Peccata
689 1825 822 1859 autem,
845 1828 937 1862 quae
953 1817 1094 1861 ¹habent
1115 1817 1423 1851 inordinationem
1442 1816 1538 1850 circa
1556 1827 1598 1850 ea
1617 1827 1708 1863 quae
1723 1823 1806 1850 sunt

231 1872 273 1906 ad
295 1871 418 1913 finem,
439 1879 656 1905 conservato
680 1871 805 1904 ordine
829 1871 871 1904 ad
894 1870 1064 1904 ultimum
1086 1870 1209 1912 finem,
1232 1870 1447 1917 reparabilia
1468 1877 1562 1912 sunt,
1585 1877 1620 1905 et
1640 1870 1730 1904 haec
1759 1869 1806 1903 di-

229 1934 359 1960 cuntur
379 1924 554 1959 venialia:
579 1933 663 1958 tunc
692 1925 789 1958 enim
812 1932 1005 1970 peccatum
1032 1925 1178 1958 veniam
1199 1924 1319 1966 habet,
1347 1924 1493 1970 quando
1520 1931 1639 1958 reatus
1665 1933 1806 1969 poenae

227 1980 377 2022 tollitur,
401 1980 461 2026 qui
483 1988 601 2013 cessat
624 1987 787 2013 cessante
810 1987 975 2025 peccato,
998 1987 1035 2013 ut
1057 1979 1194 2013 dictum
1209 1986 1262 2013 est
1278 1978 1322 2024 (q.
1345 1980 1399 2025 37.
1422 1983 1485 2013 art.
1509 1977 1582 2024 6.)‚·
1605 1978 1806 2012 secundum

229 2036 301 2069 hoc
326 2045 412 2079 ergo
435 2032 603 2074 mortale,
627 2041 661 2068 et
678 2032 819 2067 veniale
843 2040 1087 2079 opponuntur,
1111 2033 1205 2067 sicut
1223 2031 1434 2078 reparabile,
1454 2040 1489 2066 et
1509 2031 1757 2078 irreparabile:
1773 2038 1808 2065 et

229 2089 302 2123 hoc
325 2087 406 2121 dico
426 2098 488 2132 per
509 2087 727 2133 principium
748 2086 908 2128 interius,
924 2098 998 2120 non
1015 2094 1136 2120 autem
1155 2098 1218 2132 per
1240 2086 1555 2132 comparationem
1572 2085 1616 2120 ad
1636 2085 1807 2120 virtutem

231 2141 404 2185 divinam,
427 2152 518 2187 quae
539 2152 689 2174 0111116111
705 2140 874 2174 morbum
890 2148 925 2175 et
939 2139 1182 2186 corporalem,
1198 2148 1233 2174 et
1246 2139 1470 2186 spiritualem
1483 2146 1603 2186 potest
1620 2150 1807 2185 reparare3

233 2203 267 2231 et
288 2203 433 2242 propter
454 2195 525 2228 1106
547 2194 690 2228 veniale
712 2202 905 2239 peccatum
928 2194 1188 2228 convenienter
1215 2194 1385 2228 dividitur
1407 2201 1533 2228 contra
1555 2192 1721 2227 mortale.

304 2249 364 2283 AD
386 2259 536 2283 PRIMUM
560 2259 646 2293 ergo
675 2248 881 2289 dicendum,
905 2248 1002 2293 quod
1030 2247 1159 2281 divisio
1182 2248 1323 2294 peccati
1349 2247 1384 2281 in
1411 2246 1565 2290 veniale,
1593 2255 1628 2281 et
1653 2245 1807 2281 mortale

232 2314 307 2337 non
329 2310 381 2337 est
403 2302 532 2336 divisio
557 2302 700 2347 generis
727 2302 762 2335 in
791 2302 941 2347 species,
969 2313 1061 2347 quae
1089 2301 1288 2347 aequaliter
1314 2302 1530 2348 participant
1551 2301 1730 2335 rationem
1753 2311 1810 2347 ge-

233 2357 340 2398 neris,
363 2356 423 2390 sed
448 2355 594 2401 analogi
616 2356 651 2389 in
675 2366 716 2389 ea
739 2355 781 2389 de
802 2356 930 2401 quibus
952 2356 1191 2401 praedicatur,
1215 2355 1417 2390 secundum
1438 2355 1547 2402 prius,
1563 2362 1596 2389 et
1619 2354 1808 2401 posterius;

235 2419 269 2446 et
290 2411 373 2444 ideo
397 2409 554 2456 perfecta
576 2410 668 2443 ratio
696 2410 847 2455 peccati,
876 2421 985 2454 quam
1008 2409 1163 2454 August.
1191 2410 1304 2455 ponit,
1336 2409 1507 2443 convenit
1534 2416 1686 2455 peccato
1717 2419 1810 2442 mor-

234 2464 307 2499 tali.
331 2465 529 2498 Peccatum
558 2471 680 2496 autem
702 2463 844 2497 veniale
872 2463 1002 2496 dicitur
1028 2471 1220 2509 peccatum
1248 2463 1449 2498 secundum
1475 2463 1656 2497 rationem
1682 2462 1812 2508 imper-

235 2518 380 2559 fectam,
404 2526 438 2551 et
460 2517 494 2550 in
518 2517 643 2551 ordine
669 2517 711 2550 ad
735 2525 926 2563 peccatum
950 2516 1126 2551 mortale:
1150 2517 1243 2551 sicut
1265 2517 1432 2551 accidens
1459 2516 1590 2550 dicitur
1615 2527 1678 2550 ens
1701 2516 1735 2550 in
1758 2527 1811 2550 or-

235 2573 317 2606 dine
341 2573 382 2606 ad
408 2572 658 2613 substantiam,
685 2571 885 2604 56611111111111
914 2570 1162 2616 imperfectam
1193 2571 1372 2605 rationem
1400 2571 1510 2605 entis:
1537 2581 1611 2604 non
1639 2570 1735 2604 enim
1759 2576 1811 2603 est

237 2634 363 2660 contra
385 2625 522 2669 legem:
548 2625 629 2671 quia
652 2624 841 2658 venialiter
863 2636 1105 2670 11666311511011
1123 2624 1207 2658 facit
1230 2624 1326 2671 quod
1350 2624 1406 2658 lex
1428 2620 1606 2671 prohibe't,
1625 2635 1691 2658 nec
1715 2634 1812 2670 prae-

236 2680 401 2714 termittit
424 2680 469 2721 id,
493 2680 535 2712 ad
552 2679 648 2724 quod
664 2678 719 2712 lex
736 2690 797 2724 per
813 2686 1046 2724 praeceptum
1069 2678 1216 2723 obligat,
1232 2678 1293 2712 sed
1309 2678 1393 2712 facit
1407 2685 1547 2724 praeter
1568 2677 1707 2724 legem,
1729 2677 1811 2723 quia

237 2745 311 2767 non
335 2733 502 2767 observat
524 2733 675 2766 modum
699 2732 858 2773 rationis,
881 2743 988 2777 quem
1015 2732 1066 2765 lex
1091 2732 1252 2766 intendit.

311 2788 370 2821 An
398 2797 605 2821 SECUNDUM
629 2786 836 2827 dicendum,
859 2786 956 2830 quod
986 2785 1071 2818 illud
1101 2793 1333 2831 praeceptum
1358 2784 1528 2831 Apostoli
1554 2793 1607 2819 est
1633 2783 1812 2818 affirmati-

238 2852 344 2882 vum3
368 2841 461 2874 unde
484 2852 557 2873 non
581 2839 718 2884 obligat
741 2840 782 2873 ad
811 2850 971 2883 semper:
997 2847 1028 2872 et
1052 2839 1100 2873 516
1121 2850 1194 2873 11011
1218 2838 1303 2873 facit
1325 2847 1450 2872 contra
1472 2838 1543 2872 hoc
1566 2845 1811 2885 praeceptum,

240 2895 459 2941 quicumque
486 2905 559 2927 11011
588 2902 669 2928 actu
699 2892 805 2927 refert
831 2893 865 2925 in
894 2892 1050 2935 gloriam
1074 2893 1142 2926 Dei
1165 2903 1286 2934 omne,
1310 2892 1406 2938 quod
1430 2891 1530 2926 facit:
1554 2890 1685 2926 sufficit
1711 2901 1811 2935 crgO,

243 2948 338 2994 quod
362 2947 489 2993 aliquis
512 2947 742 2981 habitualiter
765 2945 893 2980 reserat
915 2957 963 2987 56,
987 2954 1020 2979 61
1043 2946 1166 2979 omnia
1189 2957 1251 2980 sua
1267 2946 1302 2979 in
1319 2946 1452 2988 Deum,
1469 2945 1511 2979 ad
1534 2944 1604 2979 hoc
1627 2944 1723 2991 quod
1738 2953 1811 2977 non
