1907 3182
235 164 316 206 104
676 159 895 194 QUAESTIO
930 158 970 187 X.
1003 155 1246 186 ARTICULUS
1279 155 1335 185 IV.

299 244 359 277 AD
386 252 534 277 PRIMUM
556 251 642 286 ergo
665 239 869 280 dicendum,
889 237 985 284 quod
1003 236 1170 271 voluntas
1189 236 1308 270 divina
1326 246 1401 269 non
1420 234 1540 269 solum
1559 247 1596 270 se
1615 236 1784 278 extendit,

230 304 268 331 ut
288 296 420 342 aliquid
442 294 503 329 fiat
522 305 584 340 per
605 304 692 335 rem,
708 304 817 338 quam
836 299 977 333 movet3
997 289 1058 324 sed
1078 297 1115 323 ut
1133 289 1242 324 etiarn
1256 300 1299 323 eo
1315 288 1427 322 modo
1444 288 1516 330 fiat,
1531 300 1602 334 quo
1619 289 1785 335 congruit

229 358 376 384 naturae
396 350 524 395 ipsius3
548 355 581 381 et
602 346 683 380 ideo
706 345 821 391 magis
845 351 1060 390 repugnaret
1082 343 1222 376 divinae
1244 342 1410 383 motioni,
1432 342 1462 375 si
1482 341 1649 376 voluntas
1667 353 1709 376 ex
1728 353 1786 376 ne-

230 403 393 437 cessitate
415 408 631 441 moveretur‚
654 399 749 445 quod
772 409 856 432 suae
874 405 1022 431 naturae
1043 407 1118 429 non
1141 395 1325 441 competit,
1348 406 1457 441 quam
1475 396 1504 429 si
1523 402 1730 429 moveretur
1748 395 1786 429 li-

228 457 322 498 bere,
344 464 450 502 prout
472 453 646 500 competit
666 463 750 486 suae
771 459 930 485 naturae.

299 510 358 543 AD
381 517 585 543 SECUNDUM
608 505 812 546 dicendum,
835 504 931 550 quod
957 501 1119 537 naturale
1146 510 1199 536 est
1226 501 1429 547 unicuique,
1457 501 1553 547 quod
1578 501 1678 536 Deus
1706 512 1788 548 ope-

229 571 325 597 ratur
338 563 374 596 in
388 563 478 608 ipso,
493 569 530 594 ut
545 560 589 594 sit
604 559 636 593 ei
649 557 828 592 naturale:
848 558 898 591 sic
918 557 1014 591 enim
1034 556 1225 602 unicuique
1245 555 1415 589 convenit
1429 554 1573 600 aliquid,
1588 555 1787 589 secundum

229 617 325 662 quod
346 617 444 650 Deus
466 614 551 655 vult,
575 612 670 658 quod
690 612 721 645 ei
740 610 946 645 conveniat:
965 621 1039 643 non
1062 618 1182 643 autem
1204 608 1290 650 vult,
1313 608 1409 654 quod
1431 608 1601 654 quidquid
1619 616 1788 654 operatur

229 670 264 703 in
280 669 394 710 rebus,
413 669 457 702 sit
474 668 523 701 eis
541 665 720 706 naturale;
739 672 834 710 puta,
853 664 949 709 quod
967 663 1102 697 mortui
1115 670 1321 707 resurgant;
1340 662 1402 695 sed
1418 661 1490 695 hoc
1505 660 1582 696 vult
1595 661 1788 707 unicuique

230 734 306 756 esse
328 720 500 761 naturale,
523 720 618 765 quod
640 717 808 764 potestati
829 717 970 751 divinae
992 717 1171 751 subdatur.

301 776 359 809 AD
388 783 557 808 TERTIUM
579 771 784 813 dicendum,
806 771 902 816 quod
924 771 953 804 si
971 771 1070 804 Deus
1097 777 1221 804 movet
1246 768 1471 803 voluntatem
1497 768 1541 803 ad
1568 768 1714 815 aliquid,
1739 768 1790 802 in-

228 827 484 874 compossibile
507 834 559 860 est
579 825 662 859 huic
684 824 855 870 positioni
873 823 932 869 [al.
948 824 1145 870 impossibile
1158 823 1320 868 estponiL
1340 822 1436 867 quod
1453 821 1620 856 voluntas
1640 822 1682 856 ad
1700 821 1787 856 illud

229 894 302 916 non
327 888 533 915 moveatur:
561 890 634 912 non
664 886 786 912 tamen
813 885 865 911 est
891 875 1113 922 impossibile
1140 875 1369 922 simpliciter;
1396 876 1489 909 unde
1514 886 1589 909 non
1618 875 1788 921 sequitur,

230 936 325 983 quod
346 934 511 969 voluntas
534 944 553 966 a
573 932 654 966 Deo
677 943 718 965 ex
738 931 950 965 necessitate
973 937 1172 963 moveatur.

770 1190 1124 1253 QUAESTIO
1165 1190 1250 1237 XI.

437 1320 500 1350 DE
526 1317 797 1355 FRUITIONE,
828 1315 957 1355 QUAE
983 1315 1067 1346 EST
1093 1314 1241 1345 ACTUS
1268 1313 1580 1347 VOLUNTATIS·

606 1389 658 1419 IN
684 1387 912 1427 QUATUOR
939 1385 1199 1417 ARTICULOS
1226 1384 1400 1415 DIVISA.

300 1519 440 1554 Deinde
463 1516 765 1553 considerandum
787 1523 840 1550 est
861 1515 903 1549 de
924 1514 1104 1549 fruitione.

694 1606 739 1640 Et
759 1606 848 1639 circa
871 1604 928 1638 hoc
950 1608 1156 1649 quaeruntur
1177 1607 1329 1648 quatuor.

300 1678 435 1712 Primo.
459 1677 590 1711 Utrum
610 1675 679 1710 frui
699 1675 744 1709 sit
766 1683 865 1709 actus
888 1673 1101 1720 appetitivae
1123 1672 1316 1719 potentiae.

302 1731 481 1766 Secundo.
506 1730 636 1764 Utrum
658 1728 726 1763 soli
748 1727 914 1762 rationali
937 1735 1120 1761 creaturae
1149 1726 1351 1768 conveniat,
1374 1737 1419 1760 an
1441 1725 1550 1760 etiam
1577 1724 1791 1760 animalibus

230 1786 350 1820 brutis.

302 1838 439 1872 Tertio.
463 1838 594 1872 Utrum
614 1835 735 1870 fruitio
757 1835 801 1869 sit
818 1842 958 1869 tantum
981 1833 1098 1868 ultimi
1120 1833 1210 1867 finis.

303 1892 455 1933 Quarto.
480 1891 611 1925 Utrum
632 1890 677 1924 sit
697 1888 817 1923 solum
839 1888 918 1922 finis
940 1887 1062 1921 habiti.

808 2029 1152 2075 ARTICULUS
1181 2030 1214 2073 Ι.
1747 2039 1792 2075 66

438 2142 589 2171 UTRUM
615 2140 712 2170 FRUI
740 2140 806 2169 SIT
833 2138 974 2168 Aerus
1002 2137 1290 2167 APPETITIVAE
1318 2136 1583 2166 POTENTIAE.

573 2228 675 2273 (Infr.
698 2232 762 2261 art.
784 2238 815 2261 2.
838 2234 926 2272 corp.
949 2231 979 2260 et
999 2238 1025 2260 Ι.
1046 2227 1134 2260 Dist.
1158 2237 1185 2260 r.
1205 2237 1234 2271 q.
1258 2237 1284 2259 Ι.
1307 2229 1370 2259 art.
1392 2225 1449 2269 1.).

302 2320 360 2354 AD
382 2328 530 2354 PRIMUM
552 2317 601 2351 sic
625 2316 840 2362 proceditur.
867 2315 1018 2348 Videtur
1045 2314 1141 2360 quod
1168 2313 1236 2347 frui
1261 2325 1335 2348 non
1361 2313 1406 2347 sit
1431 2312 1551 2347 solum
1577 2312 1791 2359 appetitivae

231 2373 430 2420 potentiae:
453 2371 522 2405 frui
543 2371 639 2404 enim
661 2369 751 2403 nihil
773 2368 868 2402 aliud
890 2380 966 2402 esse
993 2368 1144 2409 videtur,
1171 2379 1280 2413 quam
1302 2366 1458 2401 fructum
1480 2377 1624 2412 capere:
1647 2366 1708 2401 sed
1726 2365 1794 2400 fru-

232 2436 330 2462 ctum
356 2426 537 2460 humanae
563 2424 668 2464 vitae,
696 2434 786 2468 quae
814 2430 866 2456 est
891 2421 1086 2463 beatitudo,
1115 2421 1245 2467 accipit
1270 2419 1484 2462 intellectus,
1510 2420 1546 2453 in
1577 2420 1677 2464 cujus
1711 2427 1792 2454 actu

230 2480 412 2514 beatitudo
436 2478 608 2518 consistit,
631 2477 722 2510 sicut
743 2487 849 2521 supra
872 2483 1056 2509 ostensum
1079 2483 1131 2508 est
1153 2475 1200 2520 (q.
1220 2486 1248 2520 3.
1269 2479 1332 2508 art.
1355 2474 1424 2519 8.);
1448 2484 1535 2519 ergo
1557 2472 1625 2507 frui
1646 2483 1720 2508 non
1739 2481 1792 2508 est

233 2533 446 2580 appetitivae
468 2531 661 2578 potentiae,
684 2530 744 2563 sed
766 2528 979 2563 intellectus.

302 2597 332 2621 2.
355 2587 590 2620 PRAETEREA.
615 2582 807 2624 Quaelibet
826 2582 984 2628 potentia
1003 2581 1111 2615 habet
1130 2581 1315 2627 proprium
1334 2580 1455 2622 finem,
1474 2579 1535 2626 qui
1554 2587 1607 2615 est
1625 2580 1700 2625 ejus
1718 2590 1794 2626 per-

230 2640 357 2682 secti03
379 2640 470 2674 sicut
490 2639 586 2672 visus
609 2637 687 2671 finis
709 2645 761 2670 est
780 2646 1001 2681 cognoscere
1020 2634 1169 2676 visibile,
1189 2635 1328 2668 auditus
1347 2633 1530 2680 percipere
1548 2644 1670 2675 sonos,
1689 2641 1724 2668 et
1740 2633 1790 2668 sic

232 2695 274 2728 de
297 2693 389 2728 aliis:
411 2693 473 2727 sed
499 2691 578 2725 finis
606 2691 656 2724 rei
682 2698 735 2724 est
760 2688 895 2723 fructus
923 2690 1017 2733 ejus;
1044 2699 1130 2733 ergo
1158 2686 1227 2721 frui
1253 2696 1306 2722 est
1331 2687 1513 2734 potentiae
1544 2686 1732 2733 cujuslibet
1757 2694 1792 2721 et

231 2758 304 2781 non
327 2746 445 2781 solum
468 2744 691 2792 appetitivae.

306 2812 334 2846 3.
361 2800 595 2834 PRAETEREA.
623 2797 758 2832 Fruitio
785 2795 1062 2830 delectationem
1081 2795 1275 2840 quamdam
1295 2795 1483 2841 importat:
1510 2794 1572 2829 sed
1599 2793 1790 2829 delectatio

233 2853 407 2888 sensibilis
429 2853 580 2899 pertinet
601 2851 643 2885 ad
666 2861 823 2891 sensum,
842 2849 902 2895 qui
920 2849 1118 2883 delectatur
1136 2848 1170 2882 in
1190 2859 1256 2883 suo
1278 2848 1433 2894 objecto,
1452 2856 1487 2883 et
1504 2848 1631 2883 eadem
1651 2848 1790 2883 ratione
