1907 3198
0 803 6 860 ’“”
0 537 16 771 ’κΊ-Ἳπςγ
0 517 5 524 v
0 454 9 502 *f*

0 1028 5 1038 υ
0 948 7 974 ι-
0 870 9 934 vv-

483 184 708 221 QUAESTIO
741 184 848 215 XXII.
882 183 1130 214 ARTICULUS
1163 182 1208 213 11.
1561 169 1641 226 187

66 268 104 304 in
124 275 225 315 parte
247 266 525 314 apprehensiva,
546 278 657 314 quam
678 267 715 301 in
737 275 838 314 parte
861 266 1079 313 appetitiva:
1101 276 1177 300 non
1199 264 1299 300 enim
1321 264 1456 311 patitur
1476 275 1559 311 pars
1587 276 1645 312 ap-

66 322 226 370 petitiva,
256 321 326 356 nisi
358 321 526 368 passione
556 321 797 368 praecedente
827 321 863 355 in
893 328 995 367 parte
1024 319 1307 367 apprehensiva3
1331 329 1419 365 ergo
1441 318 1563 365 passio
1590 326 1645 353 est

67 376 184 422 magis
205 376 241 410 in
263 383 362 422 parte
385 375 659 422 apprehensiva,
682 386 790 421 quam
813 375 849 408 in
872 383 972 421 parte
992 374 1199 421 appetitiva.

137 440 169 464 2.
192 430 429 465 PRAETEREA.
455 429 567 470 Quod
590 437 646 464 est
668 429 786 475 magis
816 430 987 470 activum,
1018 428 1160 462 videtur
1188 438 1265 462 csse
1293 428 1414 462 minus
1440 427 1643 472 passivum:

67 486 162 520 actio
184 484 283 519 enim
308 484 470 531 passioni
496 484 712 531 opponitur:
739 483 802 518 sed
824 494 906 529 pars
934 483 1131 529 appetitiva
1153 490 1207 516 est
1233 483 1351 527 magis
1378 483 1506 523 activa,
1534 492 1645 528 (luam

65 550 148 586 pars
163 539 445 586 apprehensiva;
468 549 556 584 ergo
571 538 723 579 videtur,
738 537 836 584 quod
852 539 887 571 in
903 545 1002 584 parte
1019 536 1281 583 apprehensiva
1308 537 1424 582 magis
1453 536 1497 570 sit
1511 537 1644 582 passio.

140 604 170 640 3.
192 592 430 628 PRAETEREA.
456 592 558 626 Sicut
581 592 758 638 appetitus
786 591 977 625 sensitivus
1005 599 1057 625 est
1084 590 1197 624 virtus
1224 591 1259 624 in
1287 600 1428 636 organo
1444 589 1646 636 corporali3

65 647 116 683 ita
136 654 171 682 et
191 648 245 682 vis
267 646 529 694 apprehensiva
553 647 739 681 sensitiva:
762 645 824 680 sed
846 645 967 692 passio
990 646 1134 679 animae
1161 644 1200 678 fit
1221 644 1365 691 proprie
1388 643 1572 690 loquendo
1595 655 1647 679 se—

65 701 227 736 cundum
248 702 590 736 transmutationem
621 699 870 747 corporalem,
894 710 982 746 ergo
1015 710 1090 733 non
1121 698 1238 745 magis
1261 706 1316 733 est
1336 698 1458 745 passio
1480 698 1517 732 in
1544 706 1645 745 parte

66 754 259 803 appetitiva
280 754 462 797 sensitiva,
484 765 595 801 quam
621 754 659 788 in
681 754 946 801 apprehensiva
969 753 1151 788 sensitiva.

139 808 215 844 SED
237 819 396 845 CONTRA
418 817 483 851 est,
505 809 603 855 quod
625 809 780 855 August.
803 808 890 843 dicit
907 808 944 842 in
966 819 998 855 9.
1022 808 1065 842 de
1089 806 1169 842 Civ.
1191 807 1263 841 Dei
1285 807 1374 854 (cap.
1396 818 1430 852 4.
1448 807 1484 841 in
1498 806 1646 854 princ),

65 863 164 911 quod
184 870 307 898 motus
328 863 453 906 animi,
475 874 606 910 graece
628 864 743 908 πάθη,
769 863 885 898 nostri
911 871 1047 905 autem,
1075 862 1167 897 sicut
1195 861 1342 904 Cicero,
1363 863 1645 909 perturbationes,

65 917 227 965 quidam,
240 917 436 964 affectiones,
458 917 518 952 vel
539 918 680 964 affectus,
695 917 844 964 quidam
858 928 958 960 vero,
986 917 1080 952 sicut
1099 916 1137 951 in
1159 927 1294 963 graeco
1316 916 1482 959 habetur,
1505 927 1644 963 expres-

64 971 139 1007 sius
152 973 320 1019 passiones
340 980 493 1008 vocant:
517 983 560 1007 ex
581 983 654 1019 quo
674 980 783 1019 patet,
805 971 904 1018 quod
925 971 1114 1019 passiones
1137 971 1282 1005 animae
1309 978 1392 1005 sunt
1413 970 1524 1013 idem,
1547 970 1646 1017 quod

65 1024 294 1061 affectiones:
317 1025 380 1061 sed
403 1024 615 1061 affectiones
637 1025 829 1061 manifeste
844 1025 1026 1073 pertinent
1040 1025 1084 1060 ad
1099 1033 1240 1072 partem
1260 1025 1508 1072 appetitivam,
1523 1033 1558 1059 et
1571 1036 1648 1059 non

0 1087 16 1110 ’,ε
66 1079 112 1115 ad
132 1079 458 1127 apprehensivam3
481 1091 570 1127 ergo
592 1088 628 1115 et
648 1080 837 1128 passiones
858 1081 976 1127 magis
998 1088 1082 1115 sunt
1101 1080 1138 1114 in
1161 1080 1370 1127 appetitiva,
1393 1091 1505 1127 quam
1531 1079 1568 1114 in
1591 1090 1649 1127 ap-

5 1140 10 1150 ·
65 1134 294 1182 prehensiva.

136 1188 370 1225 RESPONDEO
392 1189 601 1232 dicendum,
623 1189 734 1236 quod,
757 1189 850 1224 sicut
878 1189 954 1235 jam
976 1188 1114 1223 dictum
1135 1196 1188 1224 est
1218 1188 1300 1233 (art.
1321 1188 1469 1236 praec),
1497 1188 1648 1223 nomine

66 1243 247 1291 passionis
268 1243 497 1291 importatur,
519 1243 617 1290 quod
639 1243 779 1290 patiens
805 1243 970 1278 trahatur
992 1243 1036 1278 ad
1062 1243 1110 1286 id,
1137 1244 1235 1290 quod
1263 1251 1317 1278 est
1343 1243 1503 1290 agentis3
1530 1243 1649 1290 magis

67 1304 190 1332 autern
210 1297 364 1332 trahitur
386 1298 509 1332 anima
532 1298 575 1332 ad
596 1308 675 1332 rem
689 1308 752 1344 per
769 1297 845 1332 vim
868 1297 1115 1344 appetitivam,
1139 1309 1250 1344 quam
1271 1309 1335 1344 per
1355 1297 1431 1331 vim
1451 1297 1651 1344 apprehen-

65 1351 201 1387 sivam:
222 1363 311 1387 narn
331 1363 397 1399 per
417 1352 493 1386 vim
515 1351 751 1399 appetitivam
775 1352 897 1386 anima
918 1351 1030 1386 habet
1055 1352 1224 1386 ordinem
1252 1352 1296 1386 ad
1324 1353 1420 1399 ipsas
1447 1363 1515 1394 res,
1541 1360 1651 1398 prout

65 1405 103 1440 in
123 1406 251 1454 seipsis
272 1414 371 1442 sunt:
395 1406 490 1442 unde
518 1405 612 1440 Phil.
635 1406 722 1440 dicit
743 1407 780 1441 in
802 1404 834 1440 6.
857 1406 944 1441 Met.
973 1407 1055 1452 (tex.
1083 1406 1134 1451 8.)
1157 1406 1256 1452 quod
1280 1407 1417 1450 bonum,
1446 1415 1481 1441 et
1506 1407 1648 1450 malum,

65 1471 159 1508 quae
172 1469 256 1496 sunt
268 1461 412 1507 objecta
434 1460 651 1508 appetitivae
667 1460 864 1507 potentiae,
877 1466 954 1496 sunt
968 1462 1003 1495 in
1018 1462 1094 1508 ipsis
1109 1462 1204 1495 rebus
1217 1473 1227 1495 .·
1242 1460 1296 1495 vis
1313 1469 1434 1495 autern
1451 1461 1651 1508 apprehen-

66 1514 145 1550 siva
165 1526 241 1551 non
262 1515 418 1550 trahitur
439 1515 484 1550 ad
505 1526 595 1557 rem,
618 1515 821 1550 secundum
843 1515 941 1561 quod
963 1517 999 1550 in
1022 1515 1140 1562 seipsa
1163 1524 1236 1558 est;
1258 1515 1321 1550 sed
1348 1517 1541 1561 cognoscit
1567 1526 1649 1550 eam

67 1570 271 1606 secundum
291 1570 533 1605 intentionem
555 1569 618 1613 rei,
640 1581 752 1616 quam
774 1569 810 1603 in
825 1581 862 1604 se
878 1569 988 1604 habet
1007 1569 1067 1604 vel
1089 1569 1216 1616 recipit
1234 1570 1438 1604 secundum
1460 1569 1650 1617 proprium

68 1624 222 1659 modurn
246 1623 308 1670 [al.
329 1624 494 1670 motum];
516 1624 613 1659 unde
635 1632 669 1658 et
690 1624 827 1658 ibidem
849 1624 991 1666 dicitur,
1013 1624 1112 1671 quod
1133 1636 1251 1659 verum
1275 1633 1309 1659 et
1323 1625 1464 1671 falsum,
1489 1635 1582 1671 quae
1605 1624 1650 1658 ad

66 1678 320 1726 cognitionem
345 1678 537 1726 pertinent,
563 1690 640 1713 non
667 1686 750 1713 sunt
771 1678 808 1712 in
828 1678 947 1721 rebus,
975 1679 1038 1713 sed
1064 1678 1101 1712 in
1129 1687 1267 1713 mente:
1291 1679 1386 1713 unde
1413 1687 1521 1726 patet,
1550 1678 1649 1725 quod

66 1733 159 1768 ratio
173 1733 353 1780 passionis
367 1732 486 1780 magis
499 1733 681 1767 invenitur
694 1733 731 1766 in
745 1741 845 1779 parte
860 1733 1066 1779 appetitiva,
1082 1744 1194 1779 quarn
1207 1733 1244 1767 in
1258 1741 1359 1779 parte
1371 1733 1647 1780 apprehensiva,

137 1787 200 1823 AD
220 1798 372 1824 PRIMUM
386 1798 476 1835 ergo
491 1787 699 1830 dicendum,
721 1787 819 1833 quod
842 1787 999 1822 intensio
1015 1799 1033 1822 e
1050 1798 1230 1822 converso
1245 1799 1282 1822 se
1298 1787 1407 1822 habet
1421 1789 1457 1823 in
1475 1788 1544 1830 his,
1555 1799 1648 1834 quae

19 1879 22 1889 ¹
66 1841 249 1890 pertinent
268 1842 315 1877 ad
335 1841 612 1889 perfectionem,
627 1850 664 1876 et
675 1841 713 1876 in
726 1841 795 1884 his,
809 1853 902 1888 quae
924 1842 1106 1888 pertinent
1128 1842 1172 1876 ad
1194 1841 1396 1877 defectum:
1418 1854 1507 1876 nam
1525 1842 1561 1876 in
1579 1842 1649 1885 his,

66 1907 159 1944 quae
181 1896 226 1931 ad
247 1895 512 1944 perfectionem
532 1896 723 1944 pertinent,
751 1896 946 1930 attenditur
972 1896 1130 1931 intensio
1157 1907 1222 1943 per
1249 1907 1440 1931 accessum
1467 1896 1512 1930 ad
1532 1908 1648 1931 unum

13 1960 17 1962 ·
66 1950 228 1998 primum
248 1950 480 1998 principium,
503 1950 561 1985 cui
583 1958 720 1997 quanto
743 1958 796 1985 est
818 1949 955 1997 aliquid
977 1950 1228 2005 propinquius,
1249 1959 1352 1986 tanto
1375 1960 1429 1986 est
1455 1951 1573 1998 magis
1599 1951 1650 1985 in-

67 2012 232 2041 tensum:
255 2005 348 2040 sicut
367 2005 526 2040 intensio
547 2004 659 2040 lucidi
681 2004 878 2039 attenditur
899 2016 963 2051 per
985 2016 1176 2040 accessum
1198 2006 1243 2040 ad
1265 2006 1402 2052 aliquid
1428 2017 1572 2040 summe
1599 2004 1651 2040 lu-

68 2059 208 2095 cidum:
231 2059 291 2094 cui
312 2067 450 2107 quanto
473 2058 608 2106 aliquid
630 2059 748 2106 magis
764 2059 1043 2106 appropinquat,
1057 2068 1160 2094 tanto
1171 2068 1225 2094 est
1240 2060 1358 2107 magis
1379 2059 1555 2094 lucidum.
1576 2059 1649 2094 Sed

67 2113 105 2149 in
125 2113 194 2157 his,
221 2125 314 2161 quae
336 2113 381 2148 ad
403 2112 585 2149 defectum
607 2113 800 2160 pertinent,
823 2114 1018 2148 attenditur
1039 2114 1208 2158 intensio,
1230 2126 1305 2149 non
1320 2126 1384 2161 per
1399 2125 1588 2149 accessum
1603 2114 1648 2148 ad

68 2167 216 2216 aliquod
237 2179 437 2211 summum,
451 2168 516 2203 sed
530 2179 593 2215 per
607 2179 793 2203 recessum
815 2179 835 2202 a
857 2167 1039 2215 perfecto:
1062 2169 1146 2215 quia
1160 2169 1197 2203 in
1218 2168 1291 2204 hoc
1309 2169 1402 2204 ratio
1421 2169 1648 2216 privationis,

68 2231 105 2260 et
124 2222 286 2259 defectus
309 2223 491 2258 consistit:
515 2230 550 2258 et
567 2222 664 2265 ideo,
686 2231 823 2270 quanto
842 2223 963 2258 minus
984 2223 1122 2258 recedit
1140 2235 1160 2258 a
1182 2224 1314 2271 primo,
1332 2232 1435 2258 tanto
1455 2232 1509 2258 est
1526 2224 1648 2258 minus

66 2277 269 2321 intensum;
289 2285 325 2312 et
345 2285 493 2325 propter
513 2277 586 2312 hoc
609 2278 645 2312 in
666 2277 845 2324 principio
869 2289 1014 2324 semper
1035 2278 1217 2313 invenitur
1238 2289 1370 2325 parvus
1393 2277 1567 2320 defectus,
1587 2277 1649 2324 qui

68 2339 195 2380 postea
216 2331 451 2379 procedendo
472 2333 591 2378 magis
618 2330 890 2378 multiplicatur.
913 2332 1041 2367 Passio
1065 2341 1187 2367 autem
1210 2332 1254 2367 ad
1274 2332 1459 2368 defectum
1481 2332 1648 2379 pertinet,

69 2386 154 2434 quia
175 2394 230 2422 est
251 2385 417 2432 alicujus,
439 2386 642 2421 secundum
665 2386 763 2433 quod
785 2394 839 2421 est
859 2386 896 2420 in
918 2388 1099 2433 potentia:
1123 2387 1218 2422 unde
1240 2387 1276 2421 in
1305 2387 1373 2429 his,
1408 2398 1501 2434 quae
1523 2398 1650 2434 appro-

69 2440 246 2489 pinquant
264 2441 385 2488 primo
411 2440 587 2488 perfecto,
608 2440 750 2476 scilicet
770 2441 865 2484 Deo,
888 2441 1071 2476 invenitur
1085 2453 1215 2489 parum
1230 2442 1274 2476 de
1288 2442 1430 2476 ratione
1451 2441 1648 2488 potentiae,

68 2502 108 2531 et
125 2495 326 2543 passionis;
347 2495 384 2530 in
406 2494 486 2530 ahjs
509 2503 632 2530 autem
655 2504 921 2542 consequenter
942 2495 1041 2542 plus:
1065 2504 1100 2531 et
1126 2496 1176 2531 sic
1200 2496 1311 2531 etiam
1329 2496 1366 2530 in
1388 2496 1501 2543 priori
1521 2495 1556 2530 vi
1578 2495 1651 2530 ani-

72 2560 168 2594 mae,
188 2549 329 2586 scilicet
350 2550 628 2597 apprehensiva,
649 2549 832 2585 invenitur
853 2550 974 2585 minus
997 2550 1040 2585 de
1062 2551 1203 2586 ratione
1226 2550 1416 2597 passionis.

142 2604 204 2640 AD
230 2615 440 2641 SECUNDUM
467 2604 676 2647 dicendum,
697 2605 796 2652 quod
817 2606 871 2639 vis
894 2605 1090 2651 appetitiva
1111 2605 1242 2640 dicitur
1270 2616 1348 2640 esse
1374 2604 1493 2651 magis
1520 2603 1649 2646 activa,

71 2658 157 2706 quia
177 2667 232 2695 est
252 2659 370 2707 magis
392 2659 612 2707 principium
634 2659 820 2694 exterioris
841 2667 962 2694 actus:
985 2667 1020 2694 et
1041 2659 1113 2694 hoc
1136 2659 1247 2694 habet
1260 2670 1303 2693 ex
1317 2659 1389 2694 hoc
1412 2659 1503 2705 ipso,
1520 2670 1562 2693 ex
1576 2669 1649 2705 quo

70 2711 183 2749 habet
201 2713 300 2761 quod
321 2713 367 2749 sit
387 2713 506 2760 magis
527 2713 681 2760 passiva,
703 2713 844 2749 scilicet
869 2725 913 2749 ex
939 2713 1011 2748 hoc
1039 2713 1138 2760 quod
1165 2713 1275 2748 habet
1297 2713 1464 2748 ordinem
1488 2713 1532 2747 ad
1559 2724 1650 2755 rem,

72 2774 180 2815 prout
198 2775 254 2804 est
272 2768 310 2803 in
331 2767 467 2815 seipsa:
490 2778 555 2815 per
576 2767 762 2803 actionem
784 2768 884 2803 enim
914 2767 1132 2803 exteriorem
1158 2768 1327 2802 venimus
1350 2767 1394 2802 ad
1421 2778 1650 2814 consequen-

18 2870 20 2873 .
66 2819 138 2858 idas
156 2832 225 2858 res.

143 2876 206 2913 AD
224 2886 399 2913 Tannum
421 2876 631 2919 dicendum,
652 2877 762 2924 quod,
784 2877 878 2912 sicut
899 2876 936 2912 in
962 2887 990 2912 1.
1014 2877 1153 2912 dictum
1175 2884 1227 2912 est
1250 2877 1299 2923 (q.
1319 2876 1372 2923 78.
1395 2880 1461 2911 art.
1472 2877 1530 2923 3),
1546 2875 1652 2923 dupli-

73 2930 155 2967 citer
174 2941 356 2978 organum
377 2931 523 2967 animae
544 2938 664 2979 potest
676 2931 929 2967 transmutari:
953 2943 1018 2967 uno
1033 2930 1129 2966 modo
1143 2931 1448 2966 transmutatione
1463 2929 1652 2978 spirituali,
