1907 3198
459 220 682 257 QUAES‘I'IO
716 219 926 251 LXXXVIII.
959 219 1205 251 ARTICULUS
1239 220 1299 252 III.
1575 212 1655 265 631

92 308 216 338 catum
243 300 398 344 veniale,
419 310 454 337 et
487 301 642 336 mortale
668 313 710 337 ex
743 302 912 349 opposito
946 302 1164 344 dividuntur,
1195 310 1234 337 ut
1259 302 1397 338 dictum
1424 311 1478 338 est
1512 303 1592 347 (art.
1632 317 1658 339 1.

91 354 163 402 huj.
182 356 255 402 q.),·
276 366 366 400 ergo
387 364 579 402 peccatum
601 355 742 390 veniale
763 367 838 390 non
860 365 914 390 est
935 356 1124 402 dispositio
1147 356 1190 390 ad
1214 357 1379 391 mortale.

162 418 196 443 2.
216 407 454 444 PRAETEREA.
481 409 596 443 Actus
625 409 784 455 disponit
814 409 857 443 ad
885 409 1018 455 aliquid
1040 409 1158 444 simile
1181 411 1215 444 in
1242 410 1362 455 specie
1384 410 1468 444 sibi:
1504 410 1598 445 unde
1625 410 1659 444 in

91 470 125 497 2.
145 460 262 497 Ethic.
283 462 371 509 (cap.
387 474 414 497 1.
435 466 465 496 et
485 462 534 507 2.)
556 461 697 503 dicitur,
711 462 809 508 quod
830 474 869 496 cx
883 463 1043 497 similibm
1061 464 1185 497 actibm
1205 469 1406 507 generantur
1418 464 1538 498 similes
1558 464 1662 511 dispo·

87 515 231 557 sitiones,
243 520 274 550 et
287 515 439 550 babitus:
453 515 514 550 sed
529 523 720 562 peccatum
731 515 898 557 mortale,
913 523 946 550 et
962 515 1102 550 veniale
1113 514 1281 550 differunt
1291 527 1435 561 genere,
1450 528 1512 551 seu
1528 517 1660 562 specie,

89 575 129 603 ut
148 567 287 604 dictum
308 576 363 603 est
382 568 465 613 (art.
482 570 633 615 praec,),·
657 579 745 613 ergo
767 577 956 614 peccatum
981 569 1122 604 veniale
1144 580 1217 603 non
1240 569 1400 615 disponit
1422 570 1464 604 ad
1488 570 1640 606 morale.

163 631 194 668 3.
215 620 452 657 Puerum.
487 621 526 656 Si
545 630 736 668 peccatum
762 622 903 656 dicatur
923 622 1076 664 veniale,
1105 623 1203 669 quod
1230 623 1390 670 disponit
1422 623 1464 658 ad
1493 623 1660 666 mortale,

89 673 271 721 oportebit
290 674 389 721 quod
422 686 674 721 quaecumque
696 675 893 722 disponunt
923 676 967 709 ad
996 675 1150 710 mortale
1178 684 1381 721 peccatum,
1417 677 1486 711 sint
1511 686 1660 724 peccata

88 726 265 763 venialia:
285 727 348 763 sed
369 728 495 762 omnia
516 728 612 762 bona
634 738 743 774 opera
765 728 961 775 disponunt
983 729 1026 763 ad
1046 737 1238 775 peccatum
1260 730 1431 764 mortale:
1454 731 1541 765 dicit
1563 731 1658 766 enim

88 780 317 828 Augustinus
336 781 373 816 in
394 780 520 827 regula
538 782 624 826 (scil.
646 783 737 828 epist.
760 793 835 827 109.
850 783 1014 828 aliquant.
1042 794 1061 817 a
1080 784 1221 830 princ),
1240 783 1338 830 quod
1362 784 1528 830 superbia
1555 784 1661 819 bonis

89 833 259 882 operibus
276 834 476 877 insidiatur,
490 841 529 869 ut
548 842 716 882 pereant3
737 845 826 881 ergo
843 836 953 870 etiam
967 836 1063 870 bona
1078 847 1190 883 opera
1211 845 1315 872 erunt
1330 845 1478 883 peccata
1492 837 1661 880 venialia,

88 886 188 935 quod
208 894 263 923 est
282 887 555 924 inconveniens.

159 939 237 977 Sen
255 951 413 977 coum
433 949 498 983 est,
519 941 618 988 quod
640 941 771 976 dicitur
785 941 896 976 Eccli.
920 953 988 988 ¹9*
1014 944 1085 987 Qui
1104 944 1227 990 spernit
1253 944 1406 986 mim'ma,
1425 944 1593 991 paulatim
1611 944 1662 979 dc-

86 993 185 1039 flm't:
205 994 267 1029 sed
289 993 350 1029 ille
371 994 432 1042 qui
453 1002 582 1042 peccat
602 995 802 1037 venialiter,
823 996 966 1030 videtur
987 996 1139 1030 minima
1161 1008 1348 1042 spernere;
1371 1009 1459 1044 ergo
1481 998 1656 1045 paulatim

87 1047 291 1095 disponitur
310 1047 355 1082 ad
376 1048 461 1090 hoc,
482 1048 579 1095 quod
600 1048 763 1083 totaliter
782 1048 917 1084 defluat
937 1060 1001 1095 per
1021 1058 1211 1096 peccatum
1234 1050 1400 1085 mortale.

159 1100 391 1137 Responnso
411 1101 619 1143 dicendum,
641 1101 738 1148 quod
758 1102 956 1149 disponens
975 1111 1029 1138 est
1046 1103 1323 1149 quodammodo
1338 1115 1466 1140 causa:
1489 1105 1584 1140 unde
1606 1116 1660 1141 se-

86 1154 247 1190 cundum
271 1154 435 1203 duplicem
462 1155 615 1190 modum
642 1166 772 1191 causae
800 1164 854 1190 est
878 1156 998 1203 duplex
1027 1156 1274 1202 dispositionis
1301 1158 1451 1193 modus:
1479 1167 1534 1193 est
1559 1158 1659 1193 enim

86 1218 197 1244 causa
216 1208 396 1256 quaedam
418 1219 572 1243 movens
586 1208 705 1244 directe
720 1209 763 1243 ad
779 1208 971 1251 effectum3
986 1210 1080 1244 sicut
1094 1209 1252 1244 calidum
1270 1210 1453 1245 calefacit:
1475 1220 1529 1246 est
1549 1212 1660 1247 ctiam

86 1272 196 1297 causa
225 1261 381 1298 indirecte
407 1272 562 1297 movens
591 1262 818 1297 removendo
851 1262 1065 1308 prohibens:
1095 1263 1189 1298 sicut
1221 1275 1415 1298 removens
1446 1264 1660 1300 columnam

86 1314 217 1350 dieitur
240 1325 432 1351 removere
453 1314 611 1362 lapidem
634 1316 920 1363 superpositum:
944 1323 978 1350 et
999 1316 1199 1351 secundum
1222 1317 1293 1352 hoc
1317 1326 1417 1352 actus
1444 1319 1583 1364 peccati
1605 1319 1662 1353 du-

78 1368 214 1417 pliciter
233 1368 278 1404 ad
293 1367 427 1416 aliquid
448 1368 617 1414 disponit.
638 1369 712 1404 Uno
726 1369 873 1415 quidem
895 1369 990 1403 modo
1005 1369 1156 1405 directe:
1177 1379 1212 1405 et
1234 1371 1283 1405 sic
1296 1371 1455 1418 disponit
1470 1372 1513 1406 ad
1537 1381 1659 1406 actum

85 1420 245 1458 similem
259 1421 459 1457 secundum
475 1422 654 1469 speciem:
682 1430 718 1457 et
735 1422 806 1456 hoc
830 1422 942 1457 modo
961 1423 1091 1469 primo,
1107 1431 1146 1458 et
1159 1435 1222 1470 per
1243 1435 1280 1458 se
1302 1433 1493 1470 peccatum
1516 1426 1658 1460 veniale

85 1485 129 1511 ex
149 1485 283 1522 genere
302 1485 378 1510 non
398 1475 559 1522 disponit
579 1475 623 1509 ad
642 1475 796 1510 mortale
817 1486 860 1510 ex
878 1487 1024 1519 genere,
1047 1487 1131 1511 cum
1153 1476 1321 1512 differant
1346 1478 1487 1524 specie:
1511 1479 1573 1514 sed
1595 1491 1660 1526 per

85 1528 183 1565 hunc
197 1528 350 1564 modum
362 1537 554 1576 peccatum
567 1528 710 1564 veniale
724 1538 843 1576 potest
856 1529 1048 1576 disponere
1063 1541 1127 1577 per
1145 1531 1342 1577 quamdam
1357 1533 1657 1579 consequentiam

85 1581 132 1618 ad
151 1589 343 1631 peccatum
364 1582 462 1629 quod
488 1590 543 1617 est
567 1582 722 1617 mortale
745 1593 786 1617 ex
808 1591 908 1628 parte
935 1583 1086 1627 agentis.
1115 1584 1364 1629 Augmentata
1390 1585 1488 1619 enim
1510 1586 1660 1633 disposi-

83 1634 197 1678 tione,
213 1635 271 1671 vel
291 1635 418 1671 habitu
435 1646 499 1683 per
519 1643 620 1670 actus
641 1644 877 1683 peccatorum
890 1636 1101 1679 venialium,
1117 1638 1295 1672 intantum
1311 1646 1431 1684 potest
1448 1638 1560 1674 libido
1579 1651 1659 1686 pec-

85 1688 193 1724 candi
211 1699 387 1732 crescere,
403 1689 502 1736 quod
515 1688 576 1724 ille
596 1689 658 1736 qui
672 1697 810 1736 peccat,
829 1689 939 1724 finem
954 1701 1060 1724 suum
1080 1691 1276 1725 constituet
1291 1691 1326 1725 in
1341 1700 1494 1737 peccato
1508 1693 1658 1729 veniali:

83 1752 171 1778 nam
191 1742 387 1790 unicuique
411 1742 560 1778 habenti
581 1742 757 1784 habitum,
779 1743 994 1789 inquantum
1016 1743 1239 1788 hujusmodi,
1254 1744 1333 1780 finis
1348 1753 1402 1780 est
1422 1746 1587 1792 operatio
1608 1759 1660 1782 se·

84 1795 246 1831 cundum
260 1795 441 1831 habitum:
457 1803 494 1831 et
506 1795 570 1838 sic,
584 1795 771 1831 multoties
785 1797 972 1843 peccando
986 1797 1174 1832 venialiter
1184 1798 1395 1844 disponetur
1408 1800 1451 1834 ad
1466 1807 1658 1846 peccatum

83 1848 251 1885 mortale.

153 1902 236 1939 Alio
255 1901 354 1938 modo
373 1910 477 1938 actus
508 1902 691 1938 humanus
717 1903 875 1949 disponit
902 1903 945 1938 ad
968 1903 1103 1950 aliquid
1125 1906 1353 1940 removendo
1379 1906 1593 1953 prohibens:
1623 1916 1659 1943 et

82 1955 156 1992 hoc
165 1955 280 1992 modo
288 1963 479 2004 peccatum
490 1956 631 1991 veniale
642 1968 685 1992 ex
700 1967 834 2002 genere
845 1965 963 2003 potest
977 1957 1169 2004 disponere
1186 1959 1228 1992 ad
1245 1959 1399 1994 mortale
1414 1969 1603 2007 peccatum
1615 1973 1657 1996 ex

82 2019 234 2057 genere:
250 2009 313 2057 qui
326 2009 424 2045 enim
438 2017 567 2057 peccat
586 2009 776 2045 venialiter
793 2022 835 2044 ex
855 2021 999 2056 genere,
1022 2012 1274 2057 praetermittit
1296 2013 1454 2060 aliquem
1473 2015 1656 2050 ordinem:

83 2070 121 2100 et
138 2074 184 2099 ex
203 2062 277 2099 hoc
297 2062 396 2110 quod
417 2063 626 2099 consuescit
644 2063 871 2098 voluntatem
894 2075 998 2099 suam
1020 2065 1056 2098 in
1078 2065 1280 2101 minoribus
1297 2067 1419 2102 debito
1441 2068 1568 2103 ordine
1581 2080 1656 2104 non

82 2116 272 2163 subjicere,
292 2115 495 2164 disponitur
515 2116 559 2151 ad
581 2116 666 2159 hoc,
687 2117 785 2163 quod
808 2117 917 2151 etiam
940 2117 1166 2153 voluntatem
1194 2130 1299 2154 suam
1321 2131 1395 2155 non
1417 2122 1583 2167 subjiciat
1603 2133 1658 2158 or-

83 2169 159 2207 dini
177 2168 298 2206 ultimi
314 2168 408 2213 finis,
429 2168 600 2217 eligendo
621 2170 669 2211 id,
690 2170 788 2216 quod
810 2178 864 2205 est
885 2179 1077 2217 peccatum
1100 2173 1254 2208 mortale
1276 2184 1318 2208 ex
1338 2185 1483 2219 genere.

154 2223 218 2260 An
237 2233 390 2260 nuum
411 2233 500 2270 ergo
521 2223 730 2265 dicendum,
751 2223 849 2270 quod
877 2233 1067 2270 peccatum
1093 2226 1246 2269 veniale,
1269 2235 1305 2262 et
1331 2228 1487 2264 mortale
1508 2240 1582 2264 non
1608 2230 1657 2264 di-

83 2276 255 2314 viduntur
273 2287 317 2313 ex
333 2277 518 2324 opposito,
539 2277 633 2312 sicut
653 2277 746 2312 duae
772 2277 912 2324 species
933 2277 1039 2313 unius
1060 2279 1215 2324 generis,
1234 2288 1273 2314 ut
1290 2281 1427 2316 dictum
1450 2291 1503 2317 est
1522 2283 1604 2328 (art.
1626 2295 1654 2319 1.

82 2330 155 2378 bul.
172 2342 206 2378 q.
222 2329 267 2366 ad
285 2332 330 2377 1.)
342 2342 355 2367 τ
374 2330 438 2366 sed
458 2331 552 2366 sicut
571 2330 740 2366 accidens
761 2339 888 2365 contra
909 2332 1147 2367 substantiam
1165 2333 1351 2377 dividitur;
1373 2336 1467 2370 unde
1494 2337 1587 2372 sicut
1602 2349 1657 2372 ac·

83 2383 210 2421 cidens
228 2391 349 2432 potest
367 2394 448 2421 esse
476 2383 665 2432 dispositio
687 2384 731 2419 ad
754 2383 912 2419 sormam
938 2385 1223 2429 substantialem,
1242 2389 1290 2423 ita
1312 2397 1347 2424 et
1367 2389 1509 2424 veniale
1531 2401 1658 2437 pecca-

83 2444 162 2474 tum
182 2437 229 2473 ad
248 2437 418 2474 mortale.

154 2490 218 2527 AD
232 2500 443 2528 summunt
463 2490 671 2533 dicendum,
692 2490 788 2538 quod
811 2499 1002 2538 peccatum
1029 2493 1171 2529 veniale
1192 2505 1266 2529 non
1289 2503 1343 2530 est
1363 2495 1482 2531 simile
1509 2497 1654 2532 mortali

83 2542 123 2580 'm
138 2543 280 2592 specie:
301 2551 359 2581 eet
377 2552 502 2580 tamen
527 2543 648 2579 simile
666 2544 699 2579 ei
720 2544 756 2578 in
779 2555 922 2589 genere,
949 2545 1163 2593 inquantum
1191 2556 1384 2595 utrumque
1406 2549 1578 2596 importat
1598 2551 1658 2586 de·

83 2595 221 2634 fuctum
240 2597 354 2634 debiti
371 2597 522 2641 ordinis,
536 2597 621 2633 licet
642 2597 755 2639 aliter,
774 2606 810 2633 et
831 2598 945 2642 aliter,
967 2608 1006 2634 ut
1025 2600 1163 2635 dictum
1183 2610 1236 2636 cst
1249 2602 1332 2646 (art.
1351 2615 1378 2638 1.
1396 2608 1428 2638 et
1449 2615 1478 2638 2.
1502 2604 1571 2649 huj.
1593 2606 1653 2651 q.).

155 2650 218 2688 ΑΙ)
242 2660 419 2688 mrum
439 2651 647 2693 dicendum,
668 2651 766 2698 quod
788 2661 880 2698 opus
905 2652 1043 2688 bonum
1069 2665 1144 2688 non
1171 2663 1225 2689 est
1250 2666 1312 2702 per
1333 2667 1370 2690 se
1392 2656 1582 2702 dispositio
1609 2658 1653 2693 ad

84 2703 242 2740 mortale
260 2713 474 2752 peccatum:
496 2712 616 2752 potest
634 2712 758 2739 tamen
780 2716 864 2740 esse
885 2707 1050 2748 materia,
1071 2707 1128 2742 vel
1159 2709 1306 2743 occasio
1329 2710 1467 2755 pcccati
1491 2711 1655 2746 mortalis

84 2767 152 2806 per
169 2757 358 2794 accidens:
385 2757 451 2794 sed
479 2765 671 2806 peccatum
693 2757 835 2794 veniale
856 2769 920 2806 per
943 2770 983 2795 se
1009 2759 1168 2807 disponit
1189 2761 1232 2796 ad
1259 2762 1425 2804 mortale,
1453 2771 1490 2798 ut
1516 2764 1652 2800 dictum

87 2817 145 2848 aa
161 2810 217 2858 (ε.
231 2812 354 2860 φφ).
