1907 3198
474 190 698 227 QUAEsrto
732 189 864 219 xtvn.
900 187 1148 219 ARTICULUS
1182 187 1210 217 1.
1545 189 1566 231 3
1576 188 1595 231 3
1606 188 1625 231 3

57 273 191 321 aliquid
211 273 347 316 fecerit,
369 273 467 320 quod
490 273 614 320 aliquo
635 273 749 308 modo
770 272 815 308 sit
836 280 962 307 contra
984 271 1116 318 ipsum,
1135 270 1230 305 unde
1249 269 1421 317 sequitur,
1440 270 1538 317 quod
1557 282 1633 305 mo-

0 343 2 350 r
55 329 170 364 tivum
190 328 265 362 irae
283 327 435 373 alicujus
457 339 600 374 semper
621 328 666 362 sit
687 327 822 374 aliquid
845 334 972 361 contra
994 326 1114 372 ipsum
1135 324 1284 359 factum.

126 382 188 417 An
209 392 359 417 PRIMUM
382 392 470 427 ergo
493 381 702 423 dicendum,
724 381 822 428 quod
844 381 897 415 ira
917 391 992 415 non
1015 379 1146 414 dicitur
1167 379 1204 413 in
1225 378 1308 413 Deo
1330 379 1533 413 secundum
1555 389 1632 424 pas-

0 447 3 450 *
55 436 198 472 sionem
220 436 344 478 animi,
362 435 424 470 sed
447 436 648 470 secundum
670 435 845 480 judicium
867 434 1035 480 justitiae,
1062 441 1169 480 prout
1188 432 1266 467 vult
1286 432 1486 467 vindictam
1513 431 1632 467 facere

55 490 99 525 de
113 497 284 537 peccato:
306 497 478 535 peccator
497 489 595 523 enim
615 489 804 535 peccando
818 489 900 523 Deo
919 487 1010 522 nihil
1025 498 1159 522 nocere
1174 486 1340 521 effective
1359 495 1491 533 potest,
1508 494 1633 521 tamen

0 563 3 585 3
55 555 99 579 ex
118 552 219 590 parte
241 554 306 578 sua
326 543 502 590 dupliciter
525 551 651 577 contra
673 543 795 577 Deum
818 542 910 588 agit:
929 543 1043 589 primo
1067 541 1226 588 quidem,
1253 541 1470 587 inquantum
1493 552 1577 575 eum
1596 541 1633 575 in

54 597 127 633 suis
149 597 329 631 mandatis
352 597 572 631 contemnit:
595 597 744 638 secundo,
762 598 977 643 inquantum
998 604 1264 630 nocumentum
1280 595 1428 641 aliquod
1446 594 1554 629 infert
1575 594 1635 629 ali-

0 677 10 687 ..
55 651 125 693 cui,
145 650 205 685 vel
221 650 300 692 sibi,
318 650 378 686 vel
400 650 519 685 alteri:
544 651 641 697 quod
661 651 705 684 ad
724 651 846 685 Deum
868 650 1040 696 pertinet:
1064 657 1170 696 prout
1192 648 1264 691 ille,
1287 649 1346 683 cui
1367 657 1633 683 nocumentum

0 698 10 714 ³
53 703 216 747 infertur,
237 704 301 739 sub
323 704 394 739 Dei
415 705 654 750 providentia,
675 713 709 739 et
729 704 843 738 tutela
865 704 1081 739 continetur.

125 758 187 793 AD
208 768 417 794 SECUNDUM
431 758 640 801 dicendum,
663 758 761 805 quod
779 758 970 793 irascimur
988 766 1115 792 contra
1137 756 1232 799 illos,
1255 756 1316 803 qui
1339 756 1416 791 aliis
1437 765 1584 799 nocent,
1600 765 1635 792 et

0 807 2 813 ’
54 811 253 847 vindictam
279 813 507 859 appetimu53
534 813 749 859 inquantum
776 812 840 855 illi,
867 812 996 859 quibus
1019 820 1184 853 nocetur,
1213 810 1335 857 aliquo
1363 811 1476 845 modo
1500 811 1544 845 ad
1565 822 1634 845 nos

54 866 244 913 pertinent,
265 866 318 901 vel
339 877 402 913 per
423 866 585 913 aliquam
604 865 829 909 affinitatem,
850 866 904 901 vel
925 877 988 913 per
1011 865 1210 909 amicitam,
1228 865 1281 900 vel
1302 864 1431 900 saltem
1454 876 1518 911 per
1537 876 1636 900 com-

54 919 270 955 munionem
290 929 452 955 naturae.

126 973 187 1009 An
206 984 379 1010 TERTmM
401 974 610 1017 dicendum,
640 974 738 1022 quod
765 974 812 1017 id,
839 975 875 1009 in
903 985 976 1021 quo
1003 974 1162 1009 maxime
1193 973 1393 1017 studemus,
1423 982 1635 1021 reputamus

53 1039 133 1064 esse
153 1028 294 1063 bonum
315 1037 495 1071 nostrum,
518 1036 552 1064 et
578 1028 673 1071 ideo,
701 1040 786 1063 cum
812 1028 902 1063 illud
929 1028 1138 1075 despicitur,
1165 1036 1376 1074 reputamus
1397 1039 1466 1064 nos
1487 1039 1634 1076 quoque

53 1082 202 1130 despici,
224 1091 260 1118 et
281 1083 497 1118 arbitramur
517 1094 585 1118 nos
607 1083 738 1119 laesos.

125 1137 187 1172 AD
205 1147 396 1177 QUARTUM
415 1137 623 1180 dicendum,
645 1137 743 1184 quod
765 1145 850 1172 tunc
875 1136 1004 1184 aliquis
1022 1145 1147 1172 tacens
1167 1137 1211 1171 ad
1233 1137 1325 1171 iram
1348 1145 1527 1184 provocat
1547 1137 1636 1183 inju-

53 1190 220 1234 riantem,
241 1192 388 1239 quando
406 1191 548 1226 videtur
562 1203 604 1226 ex
618 1199 832 1238 contemptu
845 1200 979 1234 tacere,
999 1193 1101 1238 quasi
1115 1191 1353 1239 parvipendat
1370 1191 1516 1226 alterius
1531 1191 1636 1234 iram;

52 1245 131 1292 ipsa
153 1254 275 1282 autem
294 1246 525 1293 parvipensio
547 1246 695 1293 quidam
717 1254 819 1281 actus
842 1254 905 1281 est.

625 1390 973 1436 ARTICULUS
1011 1390 1068 1434 II.
1567 1401 1636 1438 260

108 1499 264 1532 UTRUM
283 1499 398 1531 SOLA
420 1500 723 1541 PARVIPENSIO,
746 1501 827 1530 VEL
855 1500 1105 1530 DESPECTIO
1134 1499 1202 1530 SIT
1225 1500 1436 1530 MOTIVL'M
1459 1500 1572 1531 IRAE.

601 1589 704 1636 (Infr.
728 1595 791 1625 art.
811 1603 839 1638 3.
862 1595 890 1625 et
907 1601 940 1636 4.
964 1590 1085 1638 corp).

126 1680 188 1715 AD
213 1691 423 1716 SECUNDUM
444 1681 495 1716 sic
518 1680 737 1727 proceditur.
765 1680 929 1723 Videtur,
960 1681 1058 1728 quod
1091 1692 1167 1716 non
1201 1681 1280 1716 sola
1306 1682 1551 1728 parvipensio,
1577 1681 1637 1717 vel

55 1734 240 1782 despectio
262 1735 308 1770 sit
328 1735 509 1770 motivum
529 1735 622 1770 irae:
644 1735 732 1770 dicit
753 1736 851 1769 enim
873 1736 982 1769 Dam.
1005 1736 1078 1779 (lib.
1094 1748 1124 1771 2.
1143 1736 1242 1771 Orth.
1258 1736 1333 1771 Fid.
1349 1742 1424 1784 cap.
1443 1737 1515 1781 16.)
1537 1736 1635 1783 quod

54 1789 223 1836 injuriam
255 1789 362 1837 passi,
387 1789 448 1825 vel
480 1789 714 1824 aestimantes
735 1789 821 1836 pati,
842 1790 1053 1824 irascimur:
1077 1790 1138 1824 sed
1173 1790 1290 1824 homo
1313 1798 1432 1836 potest
1465 1791 1636 1836 injuriam

0 1882 1 1892 ἵ
49 1843 128 1891 ,pati
159 1843 271 1878 etiam
297 1843 433 1890 absque
463 1843 648 1890 despectu,
673 1843 733 1878 vel
765 1843 1066 1890 parvipensione3
1089 1855 1178 1891 ergo
1200 1855 1276 1879 non
1298 1843 1377 1879 sola
1404 1845 1635 1891 parvipensio

0 1912 1 1930 ἢ
54 1905 109 1933 est
127 1897 203 1933 irae
229 1898 422 1932 motivum.

126 1961 158 1986 2.
180 1951 419 1987 PRAETEREA.
442 1951 616 1998 Ejusdem
651 1960 705 1987 est
739 1960 908 1999 appetere
929 1952 1126 1995 honorem,
1161 1961 1197 1987 et
1228 1953 1434 1987 contristari
1456 1953 1500 1988 de
1523 1953 1639 2000 parvi-

54 2005 229 2053 pensione
244 2017 252 2040 :
267 2006 330 2041 sed
343 2006 449 2041 bruta
471 2006 645 2040 animalia
666 2017 740 2041 non
761 2015 935 2053 appetunt
952 2007 1155 2050 honorem3
1178 2018 1266 2053 ergo
1284 2018 1360 2042 non
1377 2008 1637 2042 contristantur

54 2059 99 2095 de
120 2060 418 2108 parvipensione:
440 2068 476 2095 et
497 2069 621 2095 tamen
643 2061 679 2094 in
693 2061 744 2095 eis
766 2069 987 2107 provocatur
1000 2061 1052 2094 ira
1067 2069 1215 2107 propter
1236 2061 1307 2095 hoc
1327 2061 1425 2108 quod
1447 2062 1637 2096 vulneran-

52 2121 121 2157 tur,
142 2122 182 2150 ut
201 2115 289 2150 dicit
308 2114 445 2150 Philos.
464 2115 500 2149 in
526 2126 555 2161 3.
578 2114 694 2149 Ethic.
709 2114 796 2162 (cap.
811 2115 843 2150 8.
858 2116 936 2150 circ.
957 2114 1080 2161 med.);
1099 2126 1186 2162 ergo
1201 2126 1276 2149 non
1296 2115 1375 2150 sola
1397 2116 1632 2163 parvipensio

53 2167 194 2204 videtur
214 2180 293 2205 esse
314 2169 495 2204 motivum
516 2169 603 2203 irae.

130 2234 159 2270 3.
181 2223 420 2259 PRAETEREA.
443 2222 693 2270 Philosophus
715 2223 750 2257 in
771 2233 802 2257 2.
818 2223 924 2257 Rhet.
949 2222 1035 2270 (cap.
1052 2223 1100 2268 2.)
1121 2223 1224 2271 ponit
1239 2223 1373 2259 multas
1396 2223 1484 2259 alias
1507 2235 1636 2259 causas

56 2274 150 2320 irae;
169 2285 254 2324 puta
277 2277 515 2319 oblivionem,
539 2285 572 2312 et
595 2276 856 2311 exultationem
880 2277 915 2310 in
946 2276 1164 2319 infortuniis,
1187 2277 1501 2312 denuntiationem
1525 2278 1639 2313 malo-

58 2341 150 2374 rum,
183 2331 489 2378 impedimentum
512 2331 792 2377 consequendae
819 2331 986 2378 propriae
1008 2331 1225 2374 voluntatis;
1247 2343 1322 2366 non
1345 2344 1433 2379 ergo
1456 2332 1535 2367 sola
1562 2345 1639 2380 par-

56 2383 220 2432 vipensio
242 2393 296 2421 est
316 2385 597 2432 provocativum
620 2385 705 2419 irae.

129 2439 204 2475 SED
231 2450 389 2475 CONTRA
416 2448 481 2482 est,
503 2439 601 2486 quod
632 2439 769 2474 Philos.
793 2439 880 2474 dicit
902 2439 938 2474 in
961 2449 992 2474 2.
1015 2439 1166 2475 Rhetor.
1189 2441 1267 2485 (loc.
1290 2443 1361 2487 cit.)
1390 2441 1487 2488 quod
1511 2441 1562 2475 ira
1585 2450 1638 2476 est

58 2493 235 2540 appetitus
256 2504 340 2528 cum
362 2493 505 2528 tristitia
539 2493 738 2540 punitionis
776 2502 923 2540 propter
945 2503 1182 2541 apparentem
1216 2495 1534 2542 parvipensionem
1562 2507 1636 2531 non

57 2547 316 2583 convenienter
335 2547 483 2582 factam.

127 2599 358 2637 RESPONDEO
377 2601 585 2643 dicendum,
604 2601 702 2648 quod
729 2613 838 2636 omnes
864 2614 981 2637 causae
1009 2603 1080 2637 irae
1105 2602 1310 2638 reducuntur
1337 2603 1380 2638 ad
1395 2605 1636 2650 parvipensio-

56 2664 151 2690 nem:
172 2663 255 2690 sunt
275 2657 373 2690 enim
394 2661 459 2690 tres
480 2655 620 2701 species
643 2655 943 2702 parvipensionis,
970 2665 1009 2691 ut
1035 2657 1166 2691 dicitur
1187 2657 1223 2691 in
1239 2667 1271 2692 2.
1287 2657 1393 2692 Rhet.
1417 2658 1545 2704 (ibid),
1574 2658 1639 2692 sci-

57 2705 159 2743 ficet:
179 2707 354 2757 despectus,
376 2710 589 2756 epircasmus‚
611 2709 705 2743 idest
722 2709 1026 2756 impedimentum
1045 2711 1244 2746 voluntatis
1266 2711 1486 2758 implendae,
1505 2720 1540 2746 et
1561 2723 1638 2747 con-

60 2761 259 2799 aameliatio:
281 2770 318 2798 et
337 2762 382 2797 ad
404 2762 495 2797 haec
515 2763 584 2797 tria
605 2763 731 2797 omnia
753 2763 891 2798 motiva
917 2764 991 2799 irae
1014 2765 1246 2800 reducuntur.
1267 2765 1381 2811 Cujus
1404 2766 1496 2800 ratio
1519 2774 1639 2812 potest

58 2814 178 2862 ncipi
207 2815 347 2864 duplex:
363 2818 481 2863 prima
503 2824 568 2858 est,
601 2817 685 2863 quia
712 2817 764 2852 ira
786 2818 922 2864 appetit
947 2827 1213 2854 nocumentum
1241 2819 1399 2861 alterius,
1422 2819 1638 2866 inquantum

132 2876 170 2905 et
202 2870 384 2906 rationem
417 2870 502 2916 justi
533 2870 769 2914 vindicativi;
796 2880 832 2906 et
863 2872 946 2907 ideo
974 2873 1155 2908 intantum
1182 2873 1323 2919 quaerit
1343 2874 1555 2916 vindictam,
1589 2874 1640 2908 in-

60 2927 236 2970 quantum
255 2924 397 2960 videtur
418 2935 496 2960 esse
526 2925 630 2970 justa.
660 2924 761 2970 Justa
783 2934 904 2961 autem
935 2927 1095 2962 vindicta
1127 2938 1202 2962 non
1230 2926 1279 2970 fit,
1306 2927 1375 2962 nisi
1401 2928 1445 2963 de
1472 2939 1517 2963 eo
1539 2928 1638 2974 quod
