1875 3198
184 205 270 258 676
595 216 817 252 QUAESTIO
852 216 970 246 xcrv.
1005 216 1254 246 ARTICULUS
1287 216 1345 246 VI.

252 296 313 331 AD
328 307 478 331 PRIMUM
498 308 586 343 ergo
602 297 809 338 dicendum,
829 296 926 342 quod
943 296 1050 342 culpa
1065 295 1162 331 delet
1175 295 1297 342 legem
1311 304 1462 331 naturae
1476 297 1514 330 in
1526 296 1758 343 particulari:

182 361 257 384 non
279 359 402 385 autem
424 351 460 384 in
484 350 691 392 universali,
713 351 782 384 nisi
805 349 898 384 forte
921 358 1099 396 quantum
1132 350 1176 384 ad
1203 350 1418 384 secundaria
1445 358 1640 397 praecepta
1667 350 1767 397 legis-

181 412 343 446 naturae,
367 415 410 439 eo
434 405 547 438 modo
571 415 643 450 quo
667 404 805 437 dictum
828 411 881 438 est
902 405 953 448 (in
976 403 1098 450 corp).

253 459 314 493 AD
325 469 534 493 SECUNDUM
545 458 752 499 dicendum,
764 458 862 503 quod
877 457 992 502 gratia
1008 458 1074 491 etsi
1088 457 1134 492 sit
1147 457 1343 499 efficacior,
1357 469 1468 504 quam
1480 465 1621 501 natura,
1635 466 1760 493 tamen

180 520 309 546 natura
331 511 560 546 essentialior
583 519 637 545 est
658 511 815 553 homini,
837 519 871 544 et
888 511 972 545 ideo
995 513 1113 557 magis
1135 523 1364 557 permanens.

252 565 312 599 AD
333 575 505 599 TERTicM
533 564 742 606 dicendum,
769 564 867 610 quod
894 565 985 598 ratio
1011 563 1074 598 illa
1100 565 1266 610 procedit
1293 565 1335 599 de
1363 565 1530 599 secundis
1558 566 1761 612 praeceptis

181 618 271 665 legis
301 627 464 660 naturae,
493 627 620 652 contra
648 629 740 664 quae
768 617 879 664 aliqui
905 617 1134 664 legislatores
1160 626 1293 653 statuta
1319 618 1440 665 aliqua
1465 618 1640 662 fecerunt,
1667 631 1759 666 quae

181 680 265 707 sunt
285 672 420 718 iniqua.

687 930 1046 991 QUAESTIO
1088 929 1250 977 xcv,

275 1055 339 1085 DE
376 1054 502 1085 LEGE
541 1055 768 1093 HUMANA,
812 1055 862 1085 IN
901 1054 1132 1094 QUATUOR
1171 1054 1436 1086 ARTICULOS
1475 1054 1653 1086 DIVISA.

249 1190 400 1224 Deinde·
416 1190 723 1225 considerandum
746 1199 799 1225 est
820 1191 863 1224 de
885 1190 967 1236 lege
988 1191 1171 1225 humana:
1194 1192 1351 1237 etprimo
1366 1190 1515 1237 quidem
1529 1191 1573 1225 de
1587 1191 1664 1238 ipsa
1679 1190 1760 1238 lege

179 1245 380 1280 secundum
403 1257 460 1279 se:
482 1245 620 1280 secundo
644 1245 687 1279 de
709 1252 889 1291 potestate
910 1246 1006 1291 ejus:
1027 1246 1122 1280 tertio
1146 1245 1190 1279 de
1213 1245 1288 1290 ejus
1311 1244 1562 1280 mutabilitate.

584 1370 591 1374 ,
631 1334 733 1369 Circa
749 1336 903 1381 primum
925 1340 1135 1380 quaeruntur
1156 1339 1310 1380 quatuor.

249 1405 387 1438 Primo.
410 1405 467 1439 De
487 1404 641 1439 utilitate
663 1405 787 1451 ipsius.

251 1459 434 1493 Secundo.
457 1459 513 1493 De
537 1459 677 1505 origine
700 1461 788 1505 ejus.

250 1512 390 1547 Tertio.
413 1512 470 1545 De
493 1512 665 1558 qualitate
687 1512 810 1558 ipsius.

251 1565 406 1607 Quarto.
428 1566 485 1600 De
509 1566 687 1600 divisione
711 1566 886 1612 ejusdem.

768 1714 1116 1759 ARTICULUS
1153 1714 1186 1757 Ῑ.
1696 1736 1761 1771 504

282 1824 437 1854 UTRUM
465 1824 623 1853 FUERIT
652 1823 785 1852 UTILE
809 1823 999 1859 ALIQUAS
1028 1823 1164 1853 LEGES
1188 1822 1293 1853 PONI
1316 1823 1370 1852 AB
1394 1822 1653 1854 HOMINIBUS.

175 1915 288 1962 (Supr.
309 1927 339 1961 q.
360 1927 411 1962 91.
432 1920 496 1949 art.
512 1927 541 1962 3.
561 1920 591 1950 ct
610 1927 640 1950 2.
660 1916 750 1950 Dist.
771 1927 803 1961 9.
829 1920 893 1950 art.
910 1927 936 1961 3.
958 1921 1049 1961 corp.
1072 1914 1114 1948 ad
1136 1927 1166 1949 2.
1186 1918 1214 1949 et
1232 1913 1275 1948 acl
1289 1925 1318 1960 5.
1338 1919 1368 1949 et
1381 1926 1408 1961 3.
1428 1915 1519 1949 Dist.
1537 1925 1595 1959 40.
1613 1919 1679 1949 art.
1697 1915 1758 1960 2.).

245 2011 306 2045 AD
325 2021 476 2045 PRIMUM
498 2011 549 2045 sic
576 2011 794 2057 proceditur.
825 2011 986 2053 Videtur,
1015 2011 1113 2057 quod
1139 2021 1214 2045 non
1241 2009 1348 2044 fuerit
1372 2009 1460 2044 utile
1489 2009 1627 2057 aliquas
1653 2010 1754 2056 leges

172 2065 260 2110 poni
283 2065 324 2098 ab
347 2065 579 2099 hominibus:
601 2065 753 2099 intentio
777 2065 875 2099 enirn
898 2065 1089 2111 cujuslibet
1109 2064 1201 2110 legis
1228 2072 1292 2106 est,
1319 2071 1358 2098 ut
1383 2075 1447 2110 per
1473 2075 1556 2098 eam
1581 2064 1753 2099 homines

172 2118 261 2152 fiant
288 2119 386 2160 boni,
409 2118 503 2152 sicut
524 2130 631 2164 supra
651 2119 789 2153 dictum
812 2127 865 2153 est
889 2118 933 2164 (q.
957 2130 1011 2165 92.
1035 2124 1097 2152 art.
1126 2119 1194 2163 1.):
1222 2118 1285 2152 sed
1311 2117 1482 2152 homines
1508 2118 1627 2164 magis
1653 2118 1754 2152 indu-

174 2180 303 2206 cuntur
325 2172 368 2205 ad
391 2173 530 2206 bonum
552 2172 748 2206 voluntarii
767 2184 829 2218 per
851 2172 1086 2214 monitiones,
1102 2183 1212 2218 quam
1228 2171 1348 2205 coacti
1361 2182 1425 2218 per
1438 2171 1556 2218 leges3
1575 2182 1663 2218 ergo
1677 2182 1753 2206 non

172 2225 238 2259 fuit
258 2226 507 2259 necessarium
529 2225 628 2271 leges
650 2237 798 2272 ponere.

245 2289 276 2313 2.
299 2279 539 2314 PRAETEREA.
564 2279 665 2314 Sicut
688 2280 774 2314 dicit
791 2279 931 2314 Philos.
954 2280 991 2314 in
1022 2291 1050 2325 5.
1073 2279 1155 2314 Eth.
1180 2280 1267 2327 (cap.
1294 2291 1327 2325 4.
1355 2281 1447 2315 circa
1472 2279 1596 2325 med.):
1623 2279 1680 2314 Ad
1701 2281 1756 2326 ju-

172 2332 277 2367 dicem
296 2333 493 2379 confugiunt
515 2333 672 2375 homines,
695 2335 781 2368 sicut
801 2333 844 2368 ad
865 2336 994 2380 justum
1020 2335 1228 2368 animatum:
1255 2334 1318 2368 sed
1348 2333 1485 2380 justitia
1512 2334 1673 2368 animata
1699 2340 1754 2368 est

171 2386 314 2428 melior,
341 2398 452 2433 quam
479 2387 690 2428 inanimata,
718 2399 810 2433 quae
837 2387 978 2433 legibus
1012 2388 1237 2430 continetur3
1271 2398 1359 2432 ergo
1393 2387 1523 2421 melius
1554 2385 1690 2429 fuisset,
1717 2394 1756 2421 ut

171 2440 338 2474 executio
361 2441 518 2486 justitiae
542 2441 834 2475 committeretur
857 2441 1004 2475 arbitrio
1023 2441 1198 2486 judicum,
1220 2452 1331 2487 quam
1353 2441 1451 2488 quod
1473 2452 1580 2488 super
1599 2441 1672 2476 hoc
1698 2440 1756 2475 lex

172 2492 293 2539 aliqua
316 2494 548 2528 conderetur.

246 2559 275 2593 3.
287 2547 526 2583 PRAETEREA.
539 2548 614 2582 Lex
625 2548 744 2582 omnis
756 2547 930 2582 directiva
941 2557 993 2582 est
1006 2556 1154 2582 actuum
1162 2548 1421 2591 humanorum,
1433 2556 1471 2583 ut
1485 2559 1528 2583 ex
1540 2547 1753 2595 supradictis

170 2608 270 2648 patet
288 2601 335 2647 (q.
361 2614 417 2647 90.
440 2607 503 2636 art.
527 2614 554 2637 r.
577 2607 606 2637 et
627 2602 696 2647 2.):
720 2602 781 2636 sed
805 2613 889 2635 cum
911 2602 1065 2636 humani
1087 2610 1187 2636 actus
1211 2602 1412 2637 consistant
1437 2602 1475 2636 in
1500 2601 1758 2648 singularibus,

171 2666 264 2701 quae
283 2664 366 2690 sunt
387 2655 537 2698 infinita,
560 2667 634 2690 non
656 2664 809 2702 possunt
828 2667 881 2697 ea,
904 2667 996 2702 quae
1017 2656 1061 2690 ad
1083 2656 1324 2691 directionem
1337 2656 1587 2690 humanorum
1605 2663 1753 2690 actuum
1811 2685 1818 2692 .

169 2709 362 2754 pertinent,
386 2709 607 2744 sufficienter
630 2709 863 2750 considerari,
891 2710 960 2743 nisi
983 2709 1024 2743 ab
1053 2709 1176 2755 aliquo
1204 2710 1378 2756 sapiente,
1405 2709 1467 2756 qui
1491 2709 1661 2756 inspiciat
1685 2709 1753 2744 sin-

171 2762 275 2808 gula3
303 2774 392 2809 ergo
420 2764 551 2798 melius
578 2763 703 2798 fuisset
730 2763 877 2797 arbitrio
905 2763 1111 2809 sapientum
1138 2763 1244 2809 dirigi
1279 2771 1380 2798 actus
1412 2763 1608 2806 humanos,
1639 2773 1750 2809 quam
1806 2769 1820 2792 3

171 2815 291 2862 aliqua
312 2815 394 2862 lege
416 2817 553 2863 posita3
577 2828 664 2863 ergo
687 2828 761 2851 non
784 2815 850 2850 fuit
871 2817 1119 2851 necessarium
1141 2816 1241 2863 leges
1260 2817 1440 2852 humanas
1461 2827 1610 2864 ponere.

243 2869 318 2904 SED
338 2881 494 2905 CONTRA
517 2879 581 2913 est,
604 2871 701 2917 quod
724 2870 883 2904 Isidorus
907 2870 992 2904 dicit
1014 2871 1050 2904 in
1073 2870 1131 2904 lib.
1156 2881 1184 2915 5.
1207 2870 1367 2917 Etymol.
1390 2871 1483 2918 (cap.
1509 2870 1606 2916 20.).·
1627 2870 1750 2905 Factae

167 2928 245 2958 sunt
265 2923 354 2969 leges,
380 2929 418 2958 ut
441 2936 558 2958 aarum
582 2930 667 2959 metu
689 2925 838 2958 hnmana
859 2929 1048 2959 coerceatur
1069 2925 1225 2967 audacia,
1249 2929 1383 2971 tutaque
1402 2926 1444 2960 sit
1469 2925 1557 2960 inter
1582 2925 1748 2970 improbos

1839 587 1857 652 52

1808 2553 1830 2611 z..

1795 2618 1828 2668 ὦ

1810 2700 1824 2739 ο,
