1907 3198
517 204 738 243 Qum-:sno
771 206 891 237 κεῖν.
924 205 1172 238 Alimentus
1206 205 1233 235 1.
1581 194 1664 248 669

90 288 188 325 hunc
210 288 363 324 modum
384 296 504 335 potest
521 287 604 330 dici,
623 288 721 335 quod
739 287 797 323 lex
812 287 985 323 naturalis
1007 288 1052 322 sit
1069 287 1233 322 habitus:
1258 287 1351 322 sicut
1365 288 1475 322 etiam
1491 287 1665 333 principia

89 341 427 378 indemonstrabilia
447 342 484 376 in
506 341 739 389 speculativis
760 353 835 376 non
857 350 941 376 sunt
955 342 1021 388 ipsi
1043 341 1187 376 habitus
1203 341 1478 387 principiorum,
1500 341 1562 375 sed
1585 349 1667 375 sunt

0 421 8 457 3
90 394 279 444 principia,
300 406 457 442 quorum
479 404 532 430 est
554 395 708 430 habitus.

162 449 224 484 AD
235 459 384 484 PRIMUM
395 460 484 495 ergo
495 448 703 490 dicendum,
717 448 816 495 quod
831 448 1078 495 Philosophus
1093 448 1245 483 intendit
1262 447 1309 482 ibi
1323 447 1541 494 investigare
1552 459 1666 493 genus

0 479 9 567 ι
83 501 250 538 virtutis:
271 510 308 537 et
333 513 418 537 cum
445 502 678 537 manifestum
699 503 755 544 sit,
777 502 875 549 quod
898 503 1010 537 virtus
1036 502 1081 536 sit
1101 502 1287 549 quoddam
1311 501 1528 548 principium
1553 509 1666 542 actus,

0 577 5 593 ι
90 555 155 592 illa
174 564 316 592 tantum
337 556 451 603 ponit,
473 568 564 603 quae
583 565 667 591 sunt
688 556 863 603 principia
879 556 1127 591 humanorum
1143 564 1303 597 actuum,
1322 554 1477 590 scilicet:
1491 556 1664 602 potentias,

89 608 232 652 habitus,
248 611 477 657 etpassiones:
492 618 634 657 praeter
648 610 738 645 haec
760 618 882 644 autem
902 611 969 645 tria
990 618 1073 644 sunt
1091 610 1273 656 quaedam
1290 608 1360 643 alia
1375 609 1410 643 in
1426 609 1560 650 anima,
1574 609 1667 642 sicut

91 662 240 710 quidam
254 671 366 706 actus,
379 671 419 698 ut
430 662 524 698 velle
540 671 594 698 est
608 665 642 698 in
658 663 818 705 volente,
833 672 868 698 et
890 664 1002 698 etiam
1024 663 1172 709 cognita
1193 671 1278 697 sunt
1299 662 1335 696 in
1351 670 1610 708 cognoscente,
1633 670 1667 696 et

91 715 330 764 proprietates
349 715 531 752 naturales
553 718 697 752 animae
719 717 841 751 insunt
863 717 907 758 ei,
930 725 967 751 ut
988 716 1258 758 immortalitas,
1281 724 1315 751 et
1342 715 1412 750 alia
1439 715 1664 761 hujusmodi.

160 769 222 805 Au
239 780 447 806 SECUNDUM
469 769 676 812 dicendum,
702 770 800 817 quod
834 770 1038 817 synderesis
1075 770 1205 804 dicitur
1227 769 1284 804 lex
1311 768 1516 804 intellectus
1538 769 1666 811 nostri,

89 821 305 870 inquantum
326 831 380 858 est
399 823 543 858 habitus
570 824 760 858 continens
787 832 979 871 praecepta
1001 823 1091 869 legis
1114 823 1300 865 naturalis,
1323 834 1416 870 quae
1445 831 1527 858 sunt
1549 823 1665 869 prima

90 876 267 924 principia
287 887 442 924 operum
463 877 724 912 humanorum.

159 930 223 966 AD
244 940 417 967 TERTmM
439 931 647 973 dicendum,
669 931 766 978 quod
787 931 880 966 ratio
903 931 964 966 illa
986 929 1183 971 concludit,
1206 930 1303 976 quod
1327 930 1382 964 lex
1409 929 1584 964 naturalis
1606 929 1667 964 ha-

91 983 273 1019 bitualiter
290 992 452 1019 tenetur:
475 993 510 1020 et
531 985 603 1020 hoc
626 985 875 1020 concedimus.

162 1038 222 1073 Ad
243 1038 279 1073 id
293 1049 382 1073 vero
396 1039 494 1085 quod
517 1050 555 1074 ir<
579 1049 835 1075 CONTRAMUM
859 1038 1038 1084 objicitur,
1054 1037 1262 1080 dicendum,
1278 1038 1375 1084 quod
1391 1049 1435 1072 eo
1458 1038 1556 1085 quod
1570 1038 1668 1072 habi-

88 1090 235 1127 tualiter
254 1091 359 1134 inest,
380 1092 599 1140 quandoque
621 1092 749 1140 aliquis
771 1093 822 1127 uti
843 1103 918 1127 non
941 1099 1058 1138 potest
1084 1100 1231 1138 propter
1262 1091 1408 1138 aliquod
1431 1092 1668 1138 impedimen-

90 1152 188 1181 tum:
211 1145 304 1182 sicut
325 1145 440 1180 homo
454 1157 527 1181 non
544 1154 663 1192 potest
685 1146 737 1181 uti
749 1146 873 1180 habitu
892 1146 1065 1180 scientiae
1088 1154 1234 1192 propter
1249 1157 1437 1180 somnum:
1453 1154 1488 1180 et
1502 1145 1667 1180 similiter

89 1209 179 1246 puer
198 1209 272 1234 non
294 1207 412 1246 potest
433 1199 483 1234 uti
506 1199 629 1234 habitu
649 1199 853 1234 intellectus
875 1199 1150 1246 principiorum,
1174 1199 1231 1234 vel
1255 1200 1364 1234 etiam
1393 1199 1473 1245 lege
1499 1199 1666 1241 naturali,

89 1263 183 1300 quae
204 1252 237 1288 ei
259 1252 490 1288 habitualiter
514 1253 618 1294 inest,
633 1261 780 1300 propter
794 1251 977 1288 defectum
1001 1254 1138 1287 aetatis.

0 638 27 812 ‘qq‘

642 1400 995 1446 ARTICULUS
1023 1401 1079 1446 11.
1595 1423 1665 1459 499

0 1433 18 1531 ἱ
231 1483 385 1539 U'i'RUM
411 1508 496 1539 LEX
522 1509 768 1541 NATURALIS
797 1509 1056 1540 CONTINEAT
1081 1509 1221 1539 PLURA
1249 1509 1515 1549 PRAECEPTA,

645 1575 729 1605 VEL
756 1575 882 1605 UNUM
909 1575 1109 1606 TANTUM.

161 1668 222 1704 AD
243 1679 452 1705 SECUNDUM
479 1669 530 1704 sic
557 1669 775 1716 proceditur.
799 1668 963 1712 Videtur,
986 1668 1083 1715 quod
1105 1668 1162 1702 lex
1184 1668 1357 1703 naturalis
1384 1679 1458 1703 non
1481 1669 1667 1704 contineat

85 1721 192 1771 plura
213 1730 417 1770 praecepta,
435 1723 497 1758 sed
520 1734 632 1757 unum
654 1731 814 1758 tantum:
838 1722 894 1757 lex
921 1723 1018 1757 enim
1035 1722 1241 1757 continetur
1259 1722 1294 1756 in
1318 1734 1450 1768 genere
1472 1723 1666 1770 praecepti,

87 1784 129 1816 ut
148 1787 256 1824 supra
278 1776 443 1812 habitum
471 1784 525 1812 est
544 1777 593 1823 (q.
615 1788 670 1822 92.
697 1781 761 1811 art.
790 1777 839 1821 2.)
850 1789 862 1817 ,·
891 1777 918 1810 si
946 1776 1055 1822 igitur
1077 1785 1197 1811 essent
1220 1775 1333 1810 multa
1357 1786 1549 1823 praecepta
1576 1777 1666 1823 legis

87 1830 275 1873 naturalis,
296 1838 507 1877 sequeretur
528 1830 626 1877 quod
653 1830 762 1864 ctiam
786 1838 906 1864 essent
927 1829 1063 1864 multae
1086 1829 1186 1875 leges
1208 1829 1402 1864 naturales.

158 1893 192 1920 2.
219 1883 459 1920 PRAETEREA.
481 1883 556 1919 Lex
574 1883 749 1919 naturalis
771 1883 1006 1930 consequitur
1028 1883 1188 1918 hominis
1211 1891 1396 1917 naturam:
1419 1883 1482 1918 sed
1506 1884 1667 1919 humana

86 1945 217 1975 natura
238 1945 293 1973 est
314 1949 384 1973 una
411 1937 613 1972 secundum
635 1946 767 1980 totum,
793 1937 878 1972 licet
912 1937 956 1971 sit
983 1936 1172 1983 multiplex
1206 1937 1408 1971 secundum
1436 1945 1576 1983 partes:
1607 1946 1667 1972 aut

84 2001 178 2039 ergo
199 1999 254 2027 est
273 2002 387 2026 unum
409 2000 644 2038 praeceptum
667 1999 808 2026 tantum
829 1991 918 2037 legis
939 1999 1088 2024 naturae
1104 1998 1250 2037 propter
1266 1990 1442 2025 unitatem
1461 1991 1584 2033 totius,
1607 2000 1667 2026 aut

87 2053 173 2082 sunt
192 2044 308 2081 multa
327 2045 531 2081 secundum
553 2045 823 2080 multitudinem
851 2045 1008 2092 partium
1030 2053 1179 2079 naturae
1208 2044 1410 2079 humanae:
1434 2053 1468 2079 et
1489 2045 1540 2079 sic
1564 2056 1667 2092 opor-

86 2098 188 2142 tebit,
208 2099 307 2146 quod
328 2099 440 2135 etiam
461 2110 516 2142 ea,
538 2110 630 2146 quae
653 2107 736 2134 sunt
756 2098 800 2134 de
820 2098 1057 2133 inclinatione
1077 2098 1384 2145 concupiscibilis,
1404 2099 1607 2145 pertineant
1622 2099 1665 2133 ad

88 2150 210 2200 legem
231 2151 448 2188 naturalem.

165 2217 194 2254 3.
215 2206 454 2243 PRAETEREA.
477 2206 552 2242 Lex
573 2215 627 2241 est
653 2205 788 2253 aliquid
819 2206 862 2241 ad
892 2205 1071 2240 rationem
1099 2205 1294 2252 pertinens,
1325 2214 1362 2240 ut
1384 2217 1489 2252 supra
1527 2206 1665 2241 dictum

87 2267 144 2296 est
165 2260 215 2308 (q.
235 2272 293 2308 90.
314 2266 381 2297 art.
402 2260 472 2306 1.):
499 2260 562 2296 sed
585 2260 677 2295 ratio
700 2261 734 2294 in
765 2259 916 2295 homine
939 2268 993 2294 est
1019 2271 1089 2294 una
1111 2268 1276 2302 tantum3
1298 2271 1386 2305 ergo
1409 2259 1529 2294 solum
1553 2272 1664 2294 unum

84 2322 323 2362 praeceptum
343 2322 397 2350 est
416 2312 508 2361 legis
528 2313 713 2348 naturalis.

160 2366 238 2404 SED
260 2378 417 2404 coum
446 2375 512 2410 est,
533 2368 617 2414 quia
639 2367 689 2402 sic
714 2378 751 2401 se
773 2367 907 2401 habent
919 2375 1126 2428 ρτεεεεηρια
1148 2366 1238 2413 legis
1260 2366 1464 2402 naturalis
1456 2378 1491 2401 ιη
1515 2367 1665 2402 homine

87 2429 266 2468 quantum
276 2421 321 2456 ad
333 2419 547 2483 operabilia,
561 2421 653 2455 sicut
667 2432 704 2455 sc
727 2420 861 2455 habent
875 2420 991 2467 prima
1013 2420 1189 2467 principia
1212 2420 1246 2454 in
1270 2420 1582 2456 demonstrativis:
1604 2421 1665 2456 sed

87 2474 208 2523 prima
228 2474 405 2523 principia
425 2473 763 2510 indemonstrabilia
784 2482 868 2509 sunt
889 2473 1012 2520 plura3
1034 2485 1122 2519 crgo
1149 2474 1258 2508 etiam
1282 2483 1473 2520 praecepti
1496 2473 1587 2520 legis
1609 2485 1668 2508 na-

51 2549 59 2554 ·
86 2535 191 2569 turae
210 2536 296 2565 sunt
312 2528 428 2577 plura.

158 2581 394 2620 Resrouneo
413 2582 622 2624 dicendum,
633 2581 743 2629 quod,
757 2581 850 2617 sicut
863 2592 970 2628 supra
989 2581 1125 2616 dictum
1139 2589 1192 2615 est
1202 2581 1246 2627 (q.
1263 2581 1666 2627 ‹)‹›.ru·1.1.a212.ctq.91.

84 2637 230 2685 σιμ),
251 2644 445 2684 praecepta
465 2635 557 2683 legis
583 2644 733 2670 naturae
755 2634 826 2670 hoc
850 2635 963 2669 modo
979 2646 1016 2669 se
1032 2635 1166 2670 habent
1185 2635 1227 2668 ad
1253 2635 1431 2669 rationem
1456 2635 1666 2680 practicam,

89 2688 185 2728 sicut
203 2690 382 2738 principia
402 2689 520 2738 prima
541 2688 896 2724 demonstrationum
912 2700 949 2723 sc
965 2688 1099 2723 habent
1114 2688 1157 2722 ad
1182 2688 1360 2722 rationem
1384 2687 1665 2734 speculativam:

68 2750 241 2791 ,utraque
263 2743 361 2780 enirn
382 2751 466 2779 sunt
485 2742 666 2790 quaedam
689 2742 863 2789 principia
886 2754 948 2789 per
971 2754 1008 2776 se
1023 2751 1129 2776 nota:
1150 2742 1280 2776 dicitur
1299 2750 1419 2776 autern
1445 2741 1578 2788 aliquid
1602 2753 1666 2788 per

89 2804 271 2834 'emtum
284 2797 486 2845 dupliciter:
507 2809 574 2832 uno
589 2796 686 2831 modo
701 2796 902 2832 secundum
925 2807 962 2831 se
978 2808 984 2830 :
1000 2796 1067 2830 ulio
1090 2795 1184 2830 modu
1207 2795 1326 2841 quoad
1351 2806 1428 2829 nos.
1453 2796 1663 2829 Secundum

87 2859 130 2887 ae
147 2850 296 2899 quidem
316 2848 499 2899 quaelibet
514 2850 716 2897 propositio
735 2850 866 2884 dicitur
887 2861 950 2896 per
972 2861 1011 2889 se
1033 2857 1132 2891 nota,
1156 2850 1257 2893 cujus
1274 2849 1522 2895 praedicatum
1545 2857 1599 2884 est
1620 2849 1664 2884 de

90 2903 231 2941 ratione
250 2903 422 2952 subjecti:
441 2904 620 2951 contingit
641 2913 776 2945 tamen,
803 2903 900 2950 quod
927 2903 1110 2949 ignoranti
1138 2902 1388 2937 definitionem
1411 2903 1560 2948 subjecti
1583 2902 1666 2938 talis
