<?xml version="1.0" encoding="UTF-8"?>
<!DOCTYPE html PUBLIC "-//W3C//DTD XHTML 1.0 Transitional//EN"
    "http://www.w3.org/TR/xhtml1/DTD/xhtml1-transitional.dtd">
<html xmlns="http://www.w3.org/1999/xhtml" xml:lang="en" lang="en">
 <head>
  <title>
</title>
<meta http-equiv="Content-Type" content="text/html;charset=utf-8" />
  <meta name='ocr-system' content='tesseract 3.04.00' />
  <meta name='ocr-capabilities' content='ocr_page ocr_carea ocr_par ocr_line ocrx_word'/>
</head>
<body>
  <div class='ocr_page' id='page_1' title='image "./divithomaeaquina02thomuoft_0309.png"; bbox 0 0 1907 3198; ppageno 0'>
   <div class='ocr_carea' id='block_1_1' title="bbox 0 471 67 3198">
    <p class='ocr_par' dir='ltr' id='par_1_1' title="bbox 0 471 67 3198">
     <span class='ocr_line' id='line_1_1' title="bbox 0 471 67 3198; baseline 0 0"><span class='ocrx_word' id='word_1_1' title='bbox 0 471 67 3198; x_wconf 95' lang='lat' dir='ltr'> </span> 
     </span>
    </p>
   </div>
   <div class='ocr_carea' id='block_1_2' title="bbox 519 161 1672 204">
    <p class='ocr_par' dir='ltr' id='par_1_2' title="bbox 519 161 1672 204">
     <span class='ocr_line' id='line_1_2' title="bbox 519 161 1672 204; baseline -0.002 -11"><span class='ocrx_word' id='word_1_2' title='bbox 519 163 744 200; x_wconf 84' lang='lat' dir='ltr'>QUAESTIO</span> <span class='ocrx_word' id='word_1_3' title='bbox 778 162 866 192; x_wconf 83' lang='lat' dir='ltr'>XLI.</span> <span class='ocrx_word' id='word_1_4' title='bbox 901 162 1151 192; x_wconf 84' lang='lat' dir='ltr'>ARTICULUS</span> <span class='ocrx_word' id='word_1_5' title='bbox 1184 161 1243 191; x_wconf 76' lang='lat' dir='ltr'>IV.</span> <span class='ocrx_word' id='word_1_6' title='bbox 1591 161 1672 204; x_wconf 69' lang='grc'>305</span> 
     </span>
    </p>
   </div>
   <div class='ocr_carea' id='block_1_3' title="bbox 56 243 1679 608">
    <p class='ocr_par' dir='ltr' id='par_1_3' title="bbox 80 243 1674 347">
     <span class='ocr_line' id='line_1_3' title="bbox 80 243 1674 294; baseline -0.003 -12"><span class='ocrx_word' id='word_1_7' title='bbox 80 258 186 294; x_wconf 87' lang='lat' dir='ltr'>gnae,</span> <span class='ocrx_word' id='word_1_8' title='bbox 205 254 241 281; x_wconf 90' lang='lat' dir='ltr'>et</span> <span class='ocrx_word' id='word_1_9' title='bbox 261 245 442 288; x_wconf 87' lang='lat' dir='ltr'>insolitae,</span> <span class='ocrx_word' id='word_1_10' title='bbox 461 246 536 280; x_wconf 89' lang='lat' dir='ltr'>sive</span> <span class='ocrx_word' id='word_1_11' title='bbox 559 246 604 280; x_wconf 89' lang='lat' dir='ltr'>sit</span> <span class='ocrx_word' id='word_1_12' title='bbox 624 246 733 288; x_wconf 88' lang='lat' dir='ltr'>bona,</span> <span class='ocrx_word' id='word_1_13' title='bbox 748 246 823 280; x_wconf 90' lang='lat' dir='ltr'>sive</span> <span class='ocrx_word' id='word_1_14' title='bbox 846 244 963 280; x_wconf 82' lang='lat' dir='ltr'>mala:</span> <span class='ocrx_word' id='word_1_15' title='bbox 987 253 1025 279; x_wconf 90' lang='lat' dir='ltr'>ut</span> <span class='ocrx_word' id='word_1_16' title='bbox 1046 245 1119 279; x_wconf 92' lang='lat' dir='ltr'>hoc</span> <span class='ocrx_word' id='word_1_17' title='bbox 1136 245 1251 279; x_wconf 87' lang='lat' dir='ltr'>modo</span> <span class='ocrx_word' id='word_1_18' title='bbox 1272 255 1309 279; x_wconf 91' lang='lat' dir='ltr'>se</span> <span class='ocrx_word' id='word_1_19' title='bbox 1323 244 1459 278; x_wconf 82' lang='lat' dir='ltr'>habeat</span> <span class='ocrx_word' id='word_1_20' title='bbox 1480 243 1674 286; x_wconf 79' lang='lat' dir='ltr'>admiratio,</span> 
     </span>
     <span class='ocr_line' id='line_1_4' title="bbox 81 299 1335 347; baseline -0.004 -10"><span class='ocrx_word' id='word_1_21' title='bbox 81 309 117 337; x_wconf 85' lang='lat' dir='ltr'>et</span> <span class='ocrx_word' id='word_1_22' title='bbox 135 305 250 347; x_wconf 82' lang='lat' dir='ltr'><em>stupor</em></span> <span class='ocrx_word' id='word_1_23' title='bbox 271 300 314 334; x_wconf 90' lang='lat' dir='ltr'>ad</span> <span class='ocrx_word' id='word_1_24' title='bbox 337 308 461 335; x_wconf 86' lang='lat' dir='ltr'>actum</span> <span class='ocrx_word' id='word_1_25' title='bbox 483 299 700 342; x_wconf 89' lang='lat' dir='ltr'>intellectus,</span> <span class='ocrx_word' id='word_1_26' title='bbox 719 301 865 345; x_wconf 67' lang='lat' dir='ltr'>segnities</span> <span class='ocrx_word' id='word_1_27' title='bbox 888 299 932 333; x_wconf 89' lang='lat' dir='ltr'>ad</span> <span class='ocrx_word' id='word_1_28' title='bbox 955 299 1175 333; x_wconf 79' lang='lat' dir='ltr'>exteriorem</span> <span class='ocrx_word' id='word_1_29' title='bbox 1199 307 1335 333; x_wconf 81' lang='lat' dir='ltr'>actum.</span> 
     </span>
    </p>

    <p class='ocr_par' dir='ltr' id='par_1_4' title="bbox 80 351 1679 509">
     <span class='ocr_line' id='line_1_5' title="bbox 152 351 1676 400; baseline -0.003 -11"><span class='ocrx_word' id='word_1_30' title='bbox 152 354 214 390; x_wconf 89' lang='lat' dir='ltr'>AD</span> <span class='ocrx_word' id='word_1_31' title='bbox 236 364 420 394; x_wconf 86' lang='lat' dir='ltr'><strong>QUINTUM</strong></span> <span class='ocrx_word' id='word_1_32' title='bbox 441 353 651 396; x_wconf 88' lang='lat' dir='ltr'>dicendum,</span> <span class='ocrx_word' id='word_1_33' title='bbox 668 354 767 400; x_wconf 92' lang='lat' dir='ltr'>quod</span> <span class='ocrx_word' id='word_1_34' title='bbox 786 353 971 388; x_wconf 89' lang='lat' dir='ltr'>admirans</span> <span class='ocrx_word' id='word_1_35' title='bbox 989 352 1123 399; x_wconf 86' lang='lat' dir='ltr'>refugit</span> <span class='ocrx_word' id='word_1_36' title='bbox 1136 353 1173 386; x_wconf 92' lang='lat' dir='ltr'>in</span> <span class='ocrx_word' id='word_1_37' title='bbox 1188 352 1371 399; x_wconf 85' lang='lat' dir='ltr'>praesenti</span> <span class='ocrx_word' id='word_1_38' title='bbox 1390 351 1476 386; x_wconf 88' lang='lat' dir='ltr'>dare</span> <span class='ocrx_word' id='word_1_39' title='bbox 1498 351 1676 397; x_wconf 85' lang='lat' dir='ltr'>judicium</span> 
     </span>
     <span class='ocr_line' id='line_1_6' title="bbox 81 407 1676 456; baseline -0.004 -11"><span class='ocrx_word' id='word_1_40' title='bbox 81 409 125 445; x_wconf 91' lang='lat' dir='ltr'>de</span> <span class='ocrx_word' id='word_1_41' title='bbox 147 420 192 444; x_wconf 91' lang='lat' dir='ltr'>eo</span> <span class='ocrx_word' id='word_1_42' title='bbox 214 408 312 456; x_wconf 92' lang='lat' dir='ltr'>quod</span> <span class='ocrx_word' id='word_1_43' title='bbox 327 408 490 450; x_wconf 84' lang='lat' dir='ltr'>miratur,</span> <span class='ocrx_word' id='word_1_44' title='bbox 509 409 642 443; x_wconf 88' lang='lat' dir='ltr'>timens</span> <span class='ocrx_word' id='word_1_45' title='bbox 657 407 859 451; x_wconf 89' lang='lat' dir='ltr'>defectum;</span> <span class='ocrx_word' id='word_1_46' title='bbox 881 408 944 442; x_wconf 90' lang='lat' dir='ltr'>sed</span> <span class='ocrx_word' id='word_1_47' title='bbox 962 407 999 442; x_wconf 91' lang='lat' dir='ltr'>in</span> <span class='ocrx_word' id='word_1_48' title='bbox 1014 407 1176 442; x_wconf 86' lang='lat' dir='ltr'>futurum</span> <span class='ocrx_word' id='word_1_49' title='bbox 1191 407 1363 453; x_wconf 86' lang='lat' dir='ltr'>inquirit:</span> <span class='ocrx_word' id='word_1_50' title='bbox 1388 414 1536 452; x_wconf 85' lang='lat' dir='ltr'>stupens</span> <span class='ocrx_word' id='word_1_51' title='bbox 1553 413 1676 439; x_wconf 85' lang='lat' dir='ltr'>autem</span> 
     </span>
     <span class='ocr_line' id='line_1_7' title="bbox 80 459 1679 509; baseline -0.003 -11"><span class='ocrx_word' id='word_1_52' title='bbox 80 464 196 506; x_wconf 87' lang='lat' dir='ltr'>timet,</span> <span class='ocrx_word' id='word_1_53' title='bbox 211 470 246 498; x_wconf 91' lang='lat' dir='ltr'>et</span> <span class='ocrx_word' id='word_1_54' title='bbox 260 463 296 497; x_wconf 91' lang='lat' dir='ltr'>in</span> <span class='ocrx_word' id='word_1_55' title='bbox 311 462 492 509; x_wconf 82' lang='lat' dir='ltr'>praesenti</span> <span class='ocrx_word' id='word_1_56' title='bbox 513 462 686 508; x_wconf 86' lang='lat' dir='ltr'>judicare,</span> <span class='ocrx_word' id='word_1_57' title='bbox 702 471 736 497; x_wconf 90' lang='lat' dir='ltr'>et</span> <span class='ocrx_word' id='word_1_58' title='bbox 757 463 795 496; x_wconf 86' lang='lat' dir='ltr'>in</span> <span class='ocrx_word' id='word_1_59' title='bbox 816 461 936 496; x_wconf 89' lang='lat' dir='ltr'>futuro</span> <span class='ocrx_word' id='word_1_60' title='bbox 953 461 1160 508; x_wconf 88' lang='lat' dir='ltr'>inquirere;</span> <span class='ocrx_word' id='word_1_61' title='bbox 1184 462 1279 495; x_wconf 85' lang='lat' dir='ltr'>unde</span> <span class='ocrx_word' id='word_1_62' title='bbox 1302 460 1484 495; x_wconf 79' lang='lat' dir='ltr'>admiratio</span> <span class='ocrx_word' id='word_1_63' title='bbox 1509 467 1563 495; x_wconf 88' lang='lat' dir='ltr'>est</span> <span class='ocrx_word' id='word_1_64' title='bbox 1583 459 1679 506; x_wconf 90' lang='lat' dir='ltr'>prin-</span> 
     </span>
    </p>

    <p class='ocr_par' dir='ltr' id='par_1_5' title="bbox 56 513 1678 608">
     <span class='ocr_line' id='line_1_8' title="bbox 56 513 1678 564; baseline -0.003 -12"><span class='ocrx_word' id='word_1_65' title='bbox 56 522 61 529; x_wconf 96' lang='grc'><em>“</em></span> <span class='ocrx_word' id='word_1_66' title='bbox 81 517 218 564; x_wconf 90' lang='lat' dir='ltr'>cipium</span> <span class='ocrx_word' id='word_1_67' title='bbox 239 516 550 564; x_wconf 80' lang='lat' dir='ltr'>philosophandi3</span> <span class='ocrx_word' id='word_1_68' title='bbox 573 517 635 551; x_wconf 86' lang='lat' dir='ltr'>sed</span> <span class='ocrx_word' id='word_1_69' title='bbox 656 522 772 564; x_wconf 77' lang='lat' dir='ltr'>stupor</span> <span class='ocrx_word' id='word_1_70' title='bbox 794 525 848 551; x_wconf 87' lang='lat' dir='ltr'>est</span> <span class='ocrx_word' id='word_1_71' title='bbox 868 515 1152 562; x_wconf 86' lang='lat' dir='ltr'>philosophicae</span> <span class='ocrx_word' id='word_1_72' title='bbox 1185 515 1491 550; x_wconf 84' lang='lat' dir='ltr'>considerationis</span> <span class='ocrx_word' id='word_1_73' title='bbox 1521 513 1678 560; x_wconf 90' lang='lat' dir='ltr'>impedi-</span> 
     </span>
     <span class='ocr_line' id='line_1_9' title="bbox 81 579 260 608; baseline -0.011 0"><span class='ocrx_word' id='word_1_74' title='bbox 81 579 260 608; x_wconf 88' lang='lat' dir='ltr'>mentum.</span> 
     </span>
    </p>
   </div>
   <div class='ocr_carea' id='block_1_4' title="bbox 605 842 1165 905">
    <p class='ocr_par' dir='ltr' id='par_1_6' title="bbox 605 842 1165 905">
     <span class='ocr_line' id='line_1_10' title="bbox 605 842 1165 905; baseline -0.005 -13"><span class='ocrx_word' id='word_1_75' title='bbox 605 843 967 905; x_wconf 75' lang='lat' dir='ltr'><strong>QUAESTIO</strong></span> <span class='ocrx_word' id='word_1_76' title='bbox 1010 842 1165 890; x_wconf 84' lang='lat' dir='ltr'><strong>XLII.</strong></span> 
     </span>
    </p>
   </div>
   <div class='ocr_carea' id='block_1_5' title="bbox 262 967 1505 1011">
    <p class='ocr_par' dir='ltr' id='par_1_7' title="bbox 262 967 1505 1011">
     <span class='ocr_line' id='line_1_11' title="bbox 262 967 1505 1011; baseline -0.002 -11"><span class='ocrx_word' id='word_1_77' title='bbox 262 969 327 1001; x_wconf 90' lang='lat' dir='ltr'>DE</span> <span class='ocrx_word' id='word_1_78' title='bbox 349 969 561 1011; x_wconf 62' lang='lat' dir='ltr'>‹OBJECTO</span> <span class='ocrx_word' id='word_1_79' title='bbox 587 969 799 1008; x_wconf 78' lang='lat' dir='ltr'>TIMORIS,</span> <span class='ocrx_word' id='word_1_80' title='bbox 834 968 887 999; x_wconf 94' lang='lat' dir='ltr'>IN</span> <span class='ocrx_word' id='word_1_81' title='bbox 915 969 1003 1000; x_wconf 79' lang='lat' dir='ltr'>SEX</span> <span class='ocrx_word' id='word_1_82' title='bbox 1031 968 1298 1000; x_wconf 65' lang='lat' dir='ltr'>ARTICULOS</span> <span class='ocrx_word' id='word_1_83' title='bbox 1326 967 1505 998; x_wconf 74' lang='lat' dir='ltr'><strong>DIVISA.</strong></span> 
     </span>
    </p>
   </div>
   <div class='ocr_carea' id='block_1_6' title="bbox 154 1110 1117 1156">
    <p class='ocr_par' dir='ltr' id='par_1_8' title="bbox 154 1110 1117 1156">
     <span class='ocr_line' id='line_1_12' title="bbox 154 1110 1117 1156; baseline -0.002 -10"><span class='ocrx_word' id='word_1_84' title='bbox 154 1110 298 1146; x_wconf 88' lang='lat' dir='ltr'>Deinde</span> <span class='ocrx_word' id='word_1_85' title='bbox 321 1110 631 1145; x_wconf 89' lang='lat' dir='ltr'>considerandum</span> <span class='ocrx_word' id='word_1_86' title='bbox 653 1119 706 1145; x_wconf 90' lang='lat' dir='ltr'>est</span> <span class='ocrx_word' id='word_1_87' title='bbox 728 1110 772 1145; x_wconf 89' lang='lat' dir='ltr'>de</span> <span class='ocrx_word' id='word_1_88' title='bbox 794 1110 940 1156; x_wconf 87' lang='lat' dir='ltr'>objecto</span> <span class='ocrx_word' id='word_1_89' title='bbox 962 1110 1117 1145; x_wconf 90' lang='lat' dir='ltr'>timoris.</span> 
     </span>
    </p>
   </div>
   <div class='ocr_carea' id='block_1_7' title="bbox 599 1201 1151 1247">
    <p class='ocr_par' dir='ltr' id='par_1_9' title="bbox 599 1201 1151 1247">
     <span class='ocr_line' id='line_1_13' title="bbox 599 1201 1151 1247; baseline -0.004 -11"><span class='ocrx_word' id='word_1_90' title='bbox 599 1201 645 1236; x_wconf 72' lang='lat' dir='ltr'>El</span> <span class='ocrx_word' id='word_1_91' title='bbox 665 1202 757 1236; x_wconf 65' lang='lat' dir='ltr'>Cissa</span> <span class='ocrx_word' id='word_1_92' title='bbox 778 1201 837 1235; x_wconf 70' lang='lat' dir='ltr'>JJOC</span> <span class='ocrx_word' id='word_1_93' title='bbox 858 1205 1066 1247; x_wconf 64' lang='lat' dir='ltr'>quaeruntur</span> <span class='ocrx_word' id='word_1_94' title='bbox 1086 1211 1151 1234; x_wconf 59' lang='grc' dir='ltr'>,δ’ὁ-ἵ.</span> 
     </span>
    </p>
   </div>
   <div class='ocr_carea' id='block_1_8' title="bbox 155 1271 1570 1591">
    <p class='ocr_par' dir='ltr' id='par_1_10' title="bbox 155 1271 1332 1319">
     <span class='ocr_line' id='line_1_14' title="bbox 155 1271 1332 1319; baseline -0.003 -10"><span class='ocrx_word' id='word_1_95' title='bbox 155 1274 293 1309; x_wconf 91' lang='lat' dir='ltr'>Primo.</span> <span class='ocrx_word' id='word_1_96' title='bbox 317 1273 449 1308; x_wconf 88' lang='lat' dir='ltr'>Utrum</span> <span class='ocrx_word' id='word_1_97' title='bbox 477 1273 617 1308; x_wconf 89' lang='lat' dir='ltr'>bonum</span> <span class='ocrx_word' id='word_1_98' title='bbox 639 1273 684 1308; x_wconf 90' lang='lat' dir='ltr'>sit</span> <span class='ocrx_word' id='word_1_99' title='bbox 705 1273 893 1319; x_wconf 82' lang='lat' dir='ltr'>objectum</span> <span class='ocrx_word' id='word_1_100' title='bbox 915 1272 1070 1314; x_wconf 80' lang='lat' dir='ltr'>timoris,</span> <span class='ocrx_word' id='word_1_101' title='bbox 1092 1271 1152 1306; x_wconf 79' lang='lat' dir='ltr'>vel</span> <span class='ocrx_word' id='word_1_102' title='bbox 1174 1271 1332 1306; x_wconf 81' lang='lat' dir='ltr'>malum.</span> 
     </span>
    </p>

    <p class='ocr_par' dir='ltr' id='par_1_11' title="bbox 155 1326 1296 1372">
     <span class='ocr_line' id='line_1_15' title="bbox 155 1326 1296 1372; baseline -0.003 -10"><span class='ocrx_word' id='word_1_103' title='bbox 155 1327 338 1363; x_wconf 89' lang='lat' dir='ltr'>Secundo.</span> <span class='ocrx_word' id='word_1_104' title='bbox 362 1327 496 1362; x_wconf 89' lang='lat' dir='ltr'>Utrum</span> <span class='ocrx_word' id='word_1_105' title='bbox 518 1326 659 1361; x_wconf 84' lang='lat' dir='ltr'>malum</span> <span class='ocrx_word' id='word_1_106' title='bbox 681 1336 832 1361; x_wconf 87' lang='lat' dir='ltr'>naturae</span> <span class='ocrx_word' id='word_1_107' title='bbox 859 1327 904 1361; x_wconf 92' lang='lat' dir='ltr'>sit</span> <span class='ocrx_word' id='word_1_108' title='bbox 931 1327 1119 1372; x_wconf 85' lang='lat' dir='ltr'>objectum</span> <span class='ocrx_word' id='word_1_109' title='bbox 1140 1326 1296 1360; x_wconf 89' lang='lat' dir='ltr'>timoris.</span> 
     </span>
    </p>

    <p class='ocr_par' dir='ltr' id='par_1_12' title="bbox 157 1380 1005 1427">
     <span class='ocr_line' id='line_1_16' title="bbox 157 1380 1005 1427; baseline -0.004 -10"><span class='ocrx_word' id='word_1_110' title='bbox 157 1381 296 1417; x_wconf 85' lang='lat' dir='ltr'>Tertio.</span> <span class='ocrx_word' id='word_1_111' title='bbox 321 1382 455 1416; x_wconf 88' lang='lat' dir='ltr'>Utrum</span> <span class='ocrx_word' id='word_1_112' title='bbox 476 1381 588 1416; x_wconf 88' lang='lat' dir='ltr'>timor</span> <span class='ocrx_word' id='word_1_113' title='bbox 609 1381 654 1416; x_wconf 88' lang='lat' dir='ltr'>sit</span> <span class='ocrx_word' id='word_1_114' title='bbox 675 1381 719 1415; x_wconf 88' lang='lat' dir='ltr'>de</span> <span class='ocrx_word' id='word_1_115' title='bbox 742 1380 842 1415; x_wconf 89' lang='lat' dir='ltr'>malo</span> <span class='ocrx_word' id='word_1_116' title='bbox 863 1380 1005 1427; x_wconf 87' lang='lat' dir='ltr'>culpae.</span> 
     </span>
    </p>

    <p class='ocr_par' dir='ltr' id='par_1_13' title="bbox 158 1435 999 1482">
     <span class='ocr_line' id='line_1_17' title="bbox 158 1435 999 1482; baseline -0.001 -11"><span class='ocrx_word' id='word_1_117' title='bbox 158 1436 314 1478; x_wconf 86' lang='lat' dir='ltr'>Quarto.</span> <span class='ocrx_word' id='word_1_118' title='bbox 338 1436 473 1471; x_wconf 89' lang='lat' dir='ltr'>Utrum</span> <span class='ocrx_word' id='word_1_119' title='bbox 494 1437 570 1482; x_wconf 91' lang='lat' dir='ltr'>ipse</span> <span class='ocrx_word' id='word_1_120' title='bbox 591 1436 705 1470; x_wconf 88' lang='lat' dir='ltr'>timor</span> <span class='ocrx_word' id='word_1_121' title='bbox 726 1435 849 1470; x_wconf 87' lang='lat' dir='ltr'>timeri</span> <span class='ocrx_word' id='word_1_122' title='bbox 870 1435 999 1482; x_wconf 86' lang='lat' dir='ltr'>possit.</span> 
     </span>
    </p>

    <p class='ocr_par' dir='ltr' id='par_1_14' title="bbox 158 1490 1053 1537">
     <span class='ocr_line' id='line_1_18' title="bbox 158 1490 1053 1537; baseline -0.002 -12"><span class='ocrx_word' id='word_1_123' title='bbox 158 1490 311 1532; x_wconf 88' lang='lat' dir='ltr'>Quinto.</span> <span class='ocrx_word' id='word_1_124' title='bbox 335 1490 469 1525; x_wconf 89' lang='lat' dir='ltr'>Utrum</span> <span class='ocrx_word' id='word_1_125' title='bbox 487 1491 675 1537; x_wconf 90' lang='lat' dir='ltr'>repentina</span> <span class='ocrx_word' id='word_1_126' title='bbox 698 1490 817 1535; x_wconf 83' lang='lat' dir='ltr'>magis</span> <span class='ocrx_word' id='word_1_127' title='bbox 839 1490 1053 1524; x_wconf 84' lang='lat' dir='ltr'>timeantur.</span> 
     </span>
    </p>

    <p class='ocr_par' dir='ltr' id='par_1_15' title="bbox 157 1544 1570 1591">
     <span class='ocr_line' id='line_1_19' title="bbox 157 1544 1570 1591; baseline -0.002 -11"><span class='ocrx_word' id='word_1_128' title='bbox 157 1545 280 1580; x_wconf 83' lang='lat' dir='ltr'>Sexto.</span> <span class='ocrx_word' id='word_1_129' title='bbox 305 1545 438 1580; x_wconf 89' lang='lat' dir='ltr'>Utrum</span> <span class='ocrx_word' id='word_1_130' title='bbox 461 1555 515 1587; x_wconf 89' lang='lat' dir='ltr'>ea,</span> <span class='ocrx_word' id='word_1_131' title='bbox 538 1553 665 1579; x_wconf 88' lang='lat' dir='ltr'>contra</span> <span class='ocrx_word' id='word_1_132' title='bbox 687 1556 780 1591; x_wconf 91' lang='lat' dir='ltr'>quae</span> <span class='ocrx_word' id='word_1_133' title='bbox 802 1556 878 1579; x_wconf 91' lang='lat' dir='ltr'>non</span> <span class='ocrx_word' id='word_1_134' title='bbox 901 1553 955 1579; x_wconf 91' lang='lat' dir='ltr'>est</span> <span class='ocrx_word' id='word_1_135' title='bbox 976 1544 1194 1586; x_wconf 87' lang='lat' dir='ltr'>remedium,</span> <span class='ocrx_word' id='word_1_136' title='bbox 1218 1544 1338 1590; x_wconf 82' lang='lat' dir='ltr'>magis</span> <span class='ocrx_word' id='word_1_137' title='bbox 1361 1544 1570 1578; x_wconf 86' lang='lat' dir='ltr'>timeantur.</span> 
     </span>
    </p>
   </div>
   <div class='ocr_carea' id='block_1_9' title="bbox 220 1688 1676 1842">
    <p class='ocr_par' dir='ltr' id='par_1_16' title="bbox 220 1688 1676 1842">
     <span class='ocr_line' id='line_1_20' title="bbox 667 1688 1676 1746; baseline 0.002 -14"><span class='ocrx_word' id='word_1_138' title='bbox 667 1688 1018 1733; x_wconf 78' lang='lat' dir='ltr'>ARTICULUS</span> <span class='ocrx_word' id='word_1_139' title='bbox 1055 1689 1088 1732; x_wconf 86' lang='lat'>1.</span> <span class='ocrx_word' id='word_1_140' title='bbox 1610 1711 1676 1746; x_wconf 64' lang='lat'>235</span> 
     </span>
     <span class='ocr_line' id='line_1_21' title="bbox 220 1798 1491 1842; baseline -0.001 -14"><span class='ocrx_word' id='word_1_141' title='bbox 220 1803 223 1806; x_wconf 88' lang='grc'><strong>“</strong></span> <span class='ocrx_word' id='word_1_142' title='bbox 266 1799 421 1829; x_wconf 83' lang='lat' dir='ltr'>UTRUM</span> <span class='ocrx_word' id='word_1_143' title='bbox 443 1798 673 1842; x_wconf 76' lang='lat' dir='ltr'>OBJECTUM</span> <span class='ocrx_word' id='word_1_144' title='bbox 702 1799 883 1829; x_wconf 87' lang='lat' dir='ltr'>TIMORIS</span> <span class='ocrx_word' id='word_1_145' title='bbox 913 1799 981 1828; x_wconf 92' lang='lat' dir='ltr'>SIT</span> <span class='ocrx_word' id='word_1_146' title='bbox 1011 1799 1180 1839; x_wconf 76' lang='lat' dir='ltr'>BONUM,</span> <span class='ocrx_word' id='word_1_147' title='bbox 1208 1799 1291 1828; x_wconf 77' lang='lat' dir='ltr'>VEL</span> <span class='ocrx_word' id='word_1_148' title='bbox 1319 1798 1491 1828; x_wconf 73' lang='lat' dir='ltr'><strong>MALUM.</strong></span> 
     </span>
    </p>
   </div>
   <div class='ocr_carea' id='block_1_10' title="bbox 144 1887 1622 1990">
    <p class='ocr_par' dir='ltr' id='par_1_17' title="bbox 144 1887 1622 1990">
     <span class='ocr_line' id='line_1_22' title="bbox 144 1887 1622 1935; baseline -0.002 -12"><span class='ocrx_word' id='word_1_149' title='bbox 144 1887 247 1935; x_wconf 88' lang='lat' dir='ltr'>(Insr.</span> <span class='ocrx_word' id='word_1_150' title='bbox 269 1893 334 1923; x_wconf 83' lang='lat' dir='ltr'>art.</span> <span class='ocrx_word' id='word_1_151' title='bbox 352 1900 381 1935; x_wconf 82' lang='lat'>3.</span> <span class='ocrx_word' id='word_1_152' title='bbox 404 1893 434 1923; x_wconf 83' lang='lat' dir='ltr'>et</span> <span class='ocrx_word' id='word_1_153' title='bbox 453 1899 486 1933; x_wconf 85' lang='lat'>4.</span> <span class='ocrx_word' id='word_1_154' title='bbox 510 1895 600 1935; x_wconf 82' lang='lat' dir='ltr'>corp.</span> <span class='ocrx_word' id='word_1_155' title='bbox 623 1893 653 1923; x_wconf 77' lang='lat' dir='ltr'>et</span> <span class='ocrx_word' id='word_1_156' title='bbox 674 1901 704 1935; x_wconf 84' lang='lat' dir='ltr'>q.</span> <span class='ocrx_word' id='word_1_157' title='bbox 727 1900 783 1933; x_wconf 73' lang='lat'>42.</span> <span class='ocrx_word' id='word_1_158' title='bbox 806 1893 872 1922; x_wconf 77' lang='lat' dir='ltr'>art.</span> <span class='ocrx_word' id='word_1_159' title='bbox 896 1900 925 1923; x_wconf 87' lang='lat'>2.</span> <span class='ocrx_word' id='word_1_160' title='bbox 946 1900 975 1935; x_wconf 79' lang='lat'>3.</span> <span class='ocrx_word' id='word_1_161' title='bbox 994 1893 1023 1922; x_wconf 76' lang='lat' dir='ltr'>et</span> <span class='ocrx_word' id='word_1_162' title='bbox 1045 1900 1077 1932; x_wconf 75' lang='lat'>4.</span> <span class='ocrx_word' id='word_1_163' title='bbox 1101 1894 1192 1934; x_wconf 85' lang='lat' dir='ltr'>corp.</span> <span class='ocrx_word' id='word_1_164' title='bbox 1216 1892 1245 1921; x_wconf 74' lang='lat' dir='ltr'>et</span> <span class='ocrx_word' id='word_1_165' title='bbox 1267 1899 1296 1933; x_wconf 85' lang='lat' dir='ltr'>q.</span> <span class='ocrx_word' id='word_1_166' title='bbox 1319 1899 1370 1933; x_wconf 79' lang='lat'>43.</span> <span class='ocrx_word' id='word_1_167' title='bbox 1394 1892 1458 1921; x_wconf 82' lang='lat' dir='ltr'>art.</span> <span class='ocrx_word' id='word_1_168' title='bbox 1481 1899 1508 1922; x_wconf 84' lang='lat'>1.</span> <span class='ocrx_word' id='word_1_169' title='bbox 1532 1892 1622 1933; x_wconf 82' lang='lat' dir='ltr'>corp.</span> 
     </span>
     <span class='ocr_line' id='line_1_23' title="bbox 253 1942 1503 1990; baseline -0.002 -12"><span class='ocrx_word' id='word_1_170' title='bbox 253 1947 283 1978; x_wconf 83' lang='lat' dir='ltr'>et</span> <span class='ocrx_word' id='word_1_171' title='bbox 303 1954 369 1978; x_wconf 86' lang='lat'><strong><em>2-2.</em></strong></span> <span class='ocrx_word' id='word_1_172' title='bbox 392 1955 422 1989; x_wconf 88' lang='lat' dir='ltr'>q.</span> <span class='ocrx_word' id='word_1_173' title='bbox 445 1954 496 1989; x_wconf 85' lang='lat'>19.</span> <span class='ocrx_word' id='word_1_174' title='bbox 516 1947 580 1977; x_wconf 85' lang='lat' dir='ltr'>art.</span> <span class='ocrx_word' id='word_1_175' title='bbox 602 1954 634 1979; x_wconf 85' lang='lat'>2.</span> <span class='ocrx_word' id='word_1_176' title='bbox 658 1949 749 1990; x_wconf 78' lang='lat' dir='ltr'>corp.</span> <span class='ocrx_word' id='word_1_177' title='bbox 770 1943 827 1986; x_wconf 74' lang='lat' dir='ltr'>fin.</span> <span class='ocrx_word' id='word_1_178' title='bbox 851 1948 878 1977; x_wconf 70' lang='lat' dir='ltr'>ct</span> <span class='ocrx_word' id='word_1_179' title='bbox 893 1955 920 1989; x_wconf 79' lang='lat'>3.</span> <span class='ocrx_word' id='word_1_180' title='bbox 945 1943 1035 1977; x_wconf 82' lang='lat' dir='ltr'>Dist.</span> <span class='ocrx_word' id='word_1_181' title='bbox 1058 1942 1115 1977; x_wconf 86' lang='lat'>26.</span> <span class='ocrx_word' id='word_1_182' title='bbox 1138 1954 1168 1988; x_wconf 85' lang='lat' dir='ltr'>q.</span> <span class='ocrx_word' id='word_1_183' title='bbox 1188 1954 1215 1976; x_wconf 80' lang='grc' dir='ltr'>Ι.</span> <span class='ocrx_word' id='word_1_184' title='bbox 1239 1946 1303 1976; x_wconf 79' lang='lat' dir='ltr'>art.</span> <span class='ocrx_word' id='word_1_185' title='bbox 1325 1953 1356 1976; x_wconf 90' lang='lat'>2.</span> <span class='ocrx_word' id='word_1_186' title='bbox 1381 1942 1503 1988; x_wconf 71' lang='lat' dir='ltr'>corp).</span> 
     </span>
    </p>
   </div>
   <div class='ocr_carea' id='block_1_11' title="bbox 44 2031 1683 2556">
    <p class='ocr_par' dir='ltr' id='par_1_18' title="bbox 87 2031 1681 2242">
     <span class='ocr_line' id='line_1_24' title="bbox 159 2031 1679 2079; baseline -0.001 -11"><span class='ocrx_word' id='word_1_187' title='bbox 159 2033 220 2068; x_wconf 87' lang='lat' dir='ltr'>AD</span> <span class='ocrx_word' id='word_1_188' title='bbox 232 2043 385 2068; x_wconf 79' lang='lat' dir='ltr'>PRIMUM</span> <span class='ocrx_word' id='word_1_189' title='bbox 399 2032 450 2067; x_wconf 91' lang='lat' dir='ltr'>sic</span> <span class='ocrx_word' id='word_1_190' title='bbox 464 2032 683 2079; x_wconf 87' lang='lat' dir='ltr'>proceditur.</span> <span class='ocrx_word' id='word_1_191' title='bbox 699 2032 864 2075; x_wconf 87' lang='lat' dir='ltr'>Videtur,</span> <span class='ocrx_word' id='word_1_192' title='bbox 887 2032 985 2079; x_wconf 91' lang='lat' dir='ltr'>quod</span> <span class='ocrx_word' id='word_1_193' title='bbox 1009 2033 1132 2067; x_wconf 84' lang='lat' dir='ltr'>bonum</span> <span class='ocrx_word' id='word_1_194' title='bbox 1149 2033 1194 2067; x_wconf 91' lang='lat' dir='ltr'>sit</span> <span class='ocrx_word' id='word_1_195' title='bbox 1208 2033 1396 2078; x_wconf 85' lang='lat' dir='ltr'>objectum</span> <span class='ocrx_word' id='word_1_196' title='bbox 1410 2032 1573 2066; x_wconf 89' lang='lat' dir='ltr'>timoris:</span> <span class='ocrx_word' id='word_1_197' title='bbox 1591 2031 1679 2067; x_wconf 86' lang='lat' dir='ltr'>dicit</span> 
     </span>
     <span class='ocr_line' id='line_1_25' title="bbox 87 2086 1681 2134; baseline -0.001 -12"><span class='ocrx_word' id='word_1_198' title='bbox 87 2086 186 2122; x_wconf 84' lang='lat' dir='ltr'>enim</span> <span class='ocrx_word' id='word_1_199' title='bbox 206 2086 363 2134; x_wconf 85' lang='lat' dir='ltr'>August.</span> <span class='ocrx_word' id='word_1_200' title='bbox 385 2087 423 2121; x_wconf 85' lang='lat' dir='ltr'>in</span> <span class='ocrx_word' id='word_1_201' title='bbox 443 2086 504 2122; x_wconf 88' lang='lat' dir='ltr'>lib.</span> <span class='ocrx_word' id='word_1_202' title='bbox 527 2087 583 2133; x_wconf 82' lang='lat'>83.</span> <span class='ocrx_word' id='word_1_203' title='bbox 608 2086 698 2128; x_wconf 86' lang='lat' dir='ltr'>QQ.</span> <span class='ocrx_word' id='word_1_204' title='bbox 723 2087 768 2133; x_wconf 84' lang='lat' dir='ltr'>(q.</span> <span class='ocrx_word' id='word_1_205' title='bbox 787 2099 832 2134; x_wconf 77' lang='lat'>33.</span> <span class='ocrx_word' id='word_1_206' title='bbox 855 2088 891 2121; x_wconf 76' lang='lat' dir='ltr'>in</span> <span class='ocrx_word' id='word_1_207' title='bbox 909 2088 1056 2134; x_wconf 60' lang='lat' dir='ltr'>priua),</span> <span class='ocrx_word' id='word_1_208' title='bbox 1081 2087 1179 2133; x_wconf 89' lang='lat' dir='ltr'>quod</span> <span class='ocrx_word' id='word_1_209' title='bbox 1201 2087 1288 2121; x_wconf 75' lang='lat' dir='ltr'><em>nihil</em></span> <span class='ocrx_word' id='word_1_210' title='bbox 1310 2088 1474 2129; x_wconf 67' lang='lat' dir='ltr'>timemus,</span> <span class='ocrx_word' id='word_1_211' title='bbox 1500 2087 1564 2121; x_wconf 76' lang='lat' dir='ltr'>nisi</span> <span class='ocrx_word' id='word_1_212' title='bbox 1586 2099 1624 2121; x_wconf 62' lang='lat' dir='ltr'>na</span> <span class='ocrx_word' id='word_1_213' title='bbox 1646 2087 1681 2121; x_wconf 84' lang='lat' dir='ltr'>id</span> 
     </span>
     <span class='ocr_line' id='line_1_26' title="bbox 87 2140 1678 2189; baseline -0.001 -13"><span class='ocrx_word' id='word_1_214' title='bbox 87 2141 174 2189; x_wconf 83' lang='lat' dir='ltr'>quod</span> <span class='ocrx_word' id='word_1_215' title='bbox 186 2153 352 2185; x_wconf 83' lang='lat' dir='ltr'>amamus,</span> <span class='ocrx_word' id='word_1_216' title='bbox 368 2146 426 2176; x_wconf 79' lang='lat' dir='ltr'>aut</span> <span class='ocrx_word' id='word_1_217' title='bbox 439 2141 593 2189; x_wconf 76' lang='lat' dir='ltr'>adeptum</span> <span class='ocrx_word' id='word_1_218' title='bbox 607 2143 816 2184; x_wconf 75' lang='lat' dir='ltr'>amittanms,</span> <span class='ocrx_word' id='word_1_219' title='bbox 835 2147 894 2176; x_wconf 73' lang='lat' dir='ltr'>aut</span> <span class='ocrx_word' id='word_1_220' title='bbox 908 2153 973 2175; x_wconf 80' lang='lat' dir='ltr'>non</span> <span class='ocrx_word' id='word_1_221' title='bbox 988 2140 1219 2188; x_wconf 66' lang='lat' dir='ltr'>adipiscamur</span> <span class='ocrx_word' id='word_1_222' title='bbox 1233 2146 1402 2188; x_wconf 64' lang='lat' dir='ltr'>speratum</span> <span class='ocrx_word' id='word_1_223' title='bbox 1413 2154 1422 2175; x_wconf 92' lang='lat'>.·</span> <span class='ocrx_word' id='word_1_224' title='bbox 1439 2141 1502 2175; x_wconf 90' lang='lat' dir='ltr'>sed</span> <span class='ocrx_word' id='word_1_225' title='bbox 1525 2140 1560 2174; x_wconf 91' lang='lat' dir='ltr'>id</span> <span class='ocrx_word' id='word_1_226' title='bbox 1580 2140 1678 2187; x_wconf 89' lang='lat' dir='ltr'>quod</span> 
     </span>
     <span class='ocr_line' id='line_1_27' title="bbox 89 2195 1679 2242; baseline -0.001 -12"><span class='ocrx_word' id='word_1_227' title='bbox 89 2206 269 2238; x_wconf 86' lang='lat' dir='ltr'>amamus,</span> <span class='ocrx_word' id='word_1_228' title='bbox 290 2203 345 2230; x_wconf 90' lang='lat' dir='ltr'>est</span> <span class='ocrx_word' id='word_1_229' title='bbox 364 2195 524 2238; x_wconf 91' lang='lat' dir='ltr'>bonum;</span> <span class='ocrx_word' id='word_1_230' title='bbox 547 2207 636 2242; x_wconf 88' lang='lat' dir='ltr'>ergo</span> <span class='ocrx_word' id='word_1_231' title='bbox 658 2195 769 2230; x_wconf 89' lang='lat' dir='ltr'>timor</span> <span class='ocrx_word' id='word_1_232' title='bbox 792 2196 939 2242; x_wconf 84' lang='lat' dir='ltr'>respicit</span> <span class='ocrx_word' id='word_1_233' title='bbox 964 2195 1116 2237; x_wconf 89' lang='lat' dir='ltr'>bonum,</span> <span class='ocrx_word' id='word_1_234' title='bbox 1139 2195 1234 2230; x_wconf 90' lang='lat' dir='ltr'>sicut</span> <span class='ocrx_word' id='word_1_235' title='bbox 1260 2195 1448 2242; x_wconf 85' lang='lat' dir='ltr'>proprium</span> <span class='ocrx_word' id='word_1_236' title='bbox 1478 2195 1679 2240; x_wconf 81' lang='lat' dir='ltr'>objectum.</span> 
     </span>
    </p>

    <p class='ocr_par' dir='ltr' id='par_1_19' title="bbox 44 2249 1683 2405">
     <span class='ocr_line' id='line_1_28' title="bbox 160 2249 1683 2297; baseline 0 -13"><span class='ocrx_word' id='word_1_237' title='bbox 160 2259 192 2284; x_wconf 92' lang='lat'>2.</span> <span class='ocrx_word' id='word_1_238' title='bbox 214 2249 455 2286; x_wconf 75' lang='lat' dir='ltr'>PRAETEREA.</span> <span class='ocrx_word' id='word_1_239' title='bbox 477 2249 617 2285; x_wconf 87' lang='lat' dir='ltr'>Philos.</span> <span class='ocrx_word' id='word_1_240' title='bbox 645 2249 733 2284; x_wconf 91' lang='lat' dir='ltr'>dicit</span> <span class='ocrx_word' id='word_1_241' title='bbox 754 2251 789 2284; x_wconf 87' lang='lat' dir='ltr'>in</span> <span class='ocrx_word' id='word_1_242' title='bbox 815 2260 846 2284; x_wconf 92' lang='lat'>2.</span> <span class='ocrx_word' id='word_1_243' title='bbox 874 2249 1026 2284; x_wconf 89' lang='lat' dir='ltr'>Rhetor.</span> <span class='ocrx_word' id='word_1_244' title='bbox 1055 2250 1148 2297; x_wconf 83' lang='lat' dir='ltr'>(cap.</span> <span class='ocrx_word' id='word_1_245' title='bbox 1166 2251 1212 2296; x_wconf 78' lang='lat'>5.)</span> <span class='ocrx_word' id='word_1_246' title='bbox 1238 2250 1337 2296; x_wconf 90' lang='lat' dir='ltr'>quod</span> <span class='ocrx_word' id='word_1_247' title='bbox 1358 2255 1511 2296; x_wconf 61' lang='lat' dir='ltr'>potestas,</span> <span class='ocrx_word' id='word_1_248' title='bbox 1535 2255 1565 2284; x_wconf 75' lang='lat' dir='ltr'>et</span> <span class='ocrx_word' id='word_1_249' title='bbox 1584 2256 1683 2296; x_wconf 69' lang='lat' dir='ltr'>super</span> 
     </span>
     <span class='ocr_line' id='line_1_29' title="bbox 44 2303 1680 2351; baseline -0.002 -11"><span class='ocrx_word' id='word_1_250' title='bbox 44 2336 45 2339; x_wconf 73' lang='grc'>,</span> <span class='ocrx_word' id='word_1_251' title='bbox 89 2303 195 2340; x_wconf 79' lang='lat' dir='ltr'>alium</span> <span class='ocrx_word' id='word_1_252' title='bbox 215 2316 277 2340; x_wconf 81' lang='lat' dir='ltr'>esse</span> <span class='ocrx_word' id='word_1_253' title='bbox 297 2309 343 2340; x_wconf 81' lang='lat' dir='ltr'>est</span> <span class='ocrx_word' id='word_1_254' title='bbox 364 2304 511 2340; x_wconf 74' lang='lat' dir='ltr'>terribile</span> <span class='ocrx_word' id='word_1_255' title='bbox 534 2303 596 2350; x_wconf 87' lang='lat' dir='ltr'>[al.</span> <span class='ocrx_word' id='word_1_256' title='bbox 619 2316 680 2339; x_wconf 76' lang='lat' dir='ltr'>esse</span> <span class='ocrx_word' id='word_1_257' title='bbox 699 2306 807 2351; x_wconf 79' lang='lat' dir='ltr'>ipsum</span> <span class='ocrx_word' id='word_1_258' title='bbox 822 2309 865 2339; x_wconf 79' lang='lat' dir='ltr'>est</span> <span class='ocrx_word' id='word_1_259' title='bbox 884 2304 1069 2349; x_wconf 45' lang='lat' dir='ltr'>terribile]</span> <span class='ocrx_word' id='word_1_260' title='bbox 1093 2304 1155 2338; x_wconf 86' lang='lat' dir='ltr'>sed</span> <span class='ocrx_word' id='word_1_261' title='bbox 1178 2303 1395 2350; x_wconf 85' lang='lat' dir='ltr'>hujusmodi</span> <span class='ocrx_word' id='word_1_262' title='bbox 1417 2312 1471 2338; x_wconf 82' lang='lat' dir='ltr'>est</span> <span class='ocrx_word' id='word_1_263' title='bbox 1492 2303 1680 2350; x_wconf 83' lang='lat' dir='ltr'>quoddam</span> 
     </span>
     <span class='ocr_line' id='line_1_30' title="bbox 90 2357 983 2405; baseline -0.001 -12"><span class='ocrx_word' id='word_1_264' title='bbox 90 2357 249 2402; x_wconf 91' lang='lat' dir='ltr'>bonum;</span> <span class='ocrx_word' id='word_1_265' title='bbox 271 2369 359 2405; x_wconf 89' lang='lat' dir='ltr'>ergo</span> <span class='ocrx_word' id='word_1_266' title='bbox 381 2358 521 2393; x_wconf 91' lang='lat' dir='ltr'>bonum</span> <span class='ocrx_word' id='word_1_267' title='bbox 543 2367 597 2393; x_wconf 91' lang='lat' dir='ltr'>est</span> <span class='ocrx_word' id='word_1_268' title='bbox 619 2358 805 2404; x_wconf 89' lang='lat' dir='ltr'>objectum</span> <span class='ocrx_word' id='word_1_269' title='bbox 828 2359 983 2393; x_wconf 85' lang='lat' dir='ltr'>timoris.</span> 
     </span>
    </p>

    <p class='ocr_par' dir='ltr' id='par_1_20' title="bbox 89 2412 1681 2556">
     <span class='ocr_line' id='line_1_31' title="bbox 165 2412 1681 2460; baseline -0.001 -12"><span class='ocrx_word' id='word_1_270' title='bbox 165 2424 194 2460; x_wconf 86' lang='lat'>3.</span> <span class='ocrx_word' id='word_1_271' title='bbox 216 2412 456 2448; x_wconf 75' lang='lat' dir='ltr'>PRAETEREA.</span> <span class='ocrx_word' id='word_1_272' title='bbox 479 2413 520 2447; x_wconf 94' lang='lat' dir='ltr'>In</span> <span class='ocrx_word' id='word_1_273' title='bbox 541 2413 624 2447; x_wconf 92' lang='lat' dir='ltr'>Deo</span> <span class='ocrx_word' id='word_1_274' title='bbox 651 2412 744 2447; x_wconf 87' lang='lat' dir='ltr'>nihil</span> <span class='ocrx_word' id='word_1_275' title='bbox 770 2412 910 2447; x_wconf 82' lang='lat' dir='ltr'>malurn</span> <span class='ocrx_word' id='word_1_276' title='bbox 933 2424 1011 2448; x_wconf 90' lang='lat' dir='ltr'>esse</span> <span class='ocrx_word' id='word_1_277' title='bbox 1033 2421 1173 2460; x_wconf 84' lang='lat' dir='ltr'>potest:</span> <span class='ocrx_word' id='word_1_278' title='bbox 1197 2413 1260 2447; x_wconf 86' lang='lat' dir='ltr'>sed</span> <span class='ocrx_word' id='word_1_279' title='bbox 1288 2412 1483 2447; x_wconf 86' lang='lat' dir='ltr'>mandatur</span> <span class='ocrx_word' id='word_1_280' title='bbox 1501 2413 1619 2455; x_wconf 90' lang='lat' dir='ltr'>nobis,</span> <span class='ocrx_word' id='word_1_281' title='bbox 1643 2421 1681 2447; x_wconf 91' lang='lat' dir='ltr'>ut</span> 
     </span>
     <span class='ocr_line' id='line_1_32' title="bbox 89 2465 1680 2514; baseline 0.001 -13"><span class='ocrx_word' id='word_1_282' title='bbox 89 2465 213 2501; x_wconf 90' lang='lat' dir='ltr'>Deum</span> <span class='ocrx_word' id='word_1_283' title='bbox 225 2466 434 2509; x_wconf 90' lang='lat' dir='ltr'>timeamus,</span> <span class='ocrx_word' id='word_1_284' title='bbox 449 2468 654 2502; x_wconf 89' lang='lat' dir='ltr'>secundum</span> <span class='ocrx_word' id='word_1_285' title='bbox 668 2466 757 2501; x_wconf 86' lang='lat' dir='ltr'>illud</span> <span class='ocrx_word' id='word_1_286' title='bbox 771 2467 868 2502; x_wconf 87' lang='lat' dir='ltr'>Psal.</span> <span class='ocrx_word' id='word_1_287' title='bbox 888 2479 958 2514; x_wconf 52' lang='lat'>335</span> <span class='ocrx_word' id='word_1_288' title='bbox 982 2468 1106 2502; x_wconf 56' lang='lat' dir='ltr'>Timete</span> <span class='ocrx_word' id='word_1_289' title='bbox 1120 2468 1353 2502; x_wconf 64' lang='lat' dir='ltr'>Deumomnes</span> <span class='ocrx_word' id='word_1_290' title='bbox 1363 2469 1470 2502; x_wconf 78' lang='lat' dir='ltr'>sancti</span> <span class='ocrx_word' id='word_1_291' title='bbox 1483 2469 1574 2513; x_wconf 71' lang='lat' dir='ltr'>ejus,·</span> <span class='ocrx_word' id='word_1_292' title='bbox 1591 2478 1680 2514; x_wconf 85' lang='lat' dir='ltr'>ergo</span> 
     </span>
     <span class='ocr_line' id='line_1_33' title="bbox 91 2519 611 2556; baseline -0.002 0"><span class='ocrx_word' id='word_1_293' title='bbox 91 2519 203 2556; x_wconf 84' lang='lat' dir='ltr'>etiam</span> <span class='ocrx_word' id='word_1_294' title='bbox 222 2521 335 2556; x_wconf 89' lang='lat' dir='ltr'>timor</span> <span class='ocrx_word' id='word_1_295' title='bbox 356 2529 410 2556; x_wconf 91' lang='lat' dir='ltr'>est</span> <span class='ocrx_word' id='word_1_296' title='bbox 431 2520 475 2556; x_wconf 85' lang='lat' dir='ltr'>de</span> <span class='ocrx_word' id='word_1_297' title='bbox 496 2521 611 2556; x_wconf 87' lang='lat' dir='ltr'>bono.</span> 
     </span>
    </p>
   </div>
   <div class='ocr_carea' id='block_1_12' title="bbox 91 2574 1682 2948">
    <p class='ocr_par' dir='ltr' id='par_1_21' title="bbox 91 2574 1680 2664">
     <span class='ocr_line' id='line_1_34' title="bbox 163 2574 1680 2622; baseline 0 -12"><span class='ocrx_word' id='word_1_298' title='bbox 163 2574 239 2610; x_wconf 75' lang='lat' dir='ltr'>SED</span> <span class='ocrx_word' id='word_1_299' title='bbox 261 2585 420 2610; x_wconf 77' lang='lat' dir='ltr'>CONTRA</span> <span class='ocrx_word' id='word_1_300' title='bbox 442 2583 507 2618; x_wconf 92' lang='lat' dir='ltr'>est,</span> <span class='ocrx_word' id='word_1_301' title='bbox 529 2575 627 2622; x_wconf 93' lang='lat' dir='ltr'>quod</span> <span class='ocrx_word' id='word_1_302' title='bbox 648 2575 823 2610; x_wconf 87' lang='lat' dir='ltr'>Damasc.</span> <span class='ocrx_word' id='word_1_303' title='bbox 847 2575 933 2610; x_wconf 87' lang='lat' dir='ltr'>dicit</span> <span class='ocrx_word' id='word_1_304' title='bbox 954 2576 990 2610; x_wconf 88' lang='lat' dir='ltr'>in</span> <span class='ocrx_word' id='word_1_305' title='bbox 1008 2586 1040 2610; x_wconf 84' lang='lat'>2.</span> <span class='ocrx_word' id='word_1_306' title='bbox 1063 2575 1124 2611; x_wconf 92' lang='lat' dir='ltr'>lib.</span> <span class='ocrx_word' id='word_1_307' title='bbox 1150 2576 1267 2621; x_wconf 82' lang='lat' dir='ltr'>(Orth.</span> <span class='ocrx_word' id='word_1_308' title='bbox 1290 2576 1370 2610; x_wconf 77' lang='lat' dir='ltr'>Fid.</span> <span class='ocrx_word' id='word_1_309' title='bbox 1394 2582 1466 2622; x_wconf 84' lang='lat' dir='ltr'>cap.</span> <span class='ocrx_word' id='word_1_310' title='bbox 1489 2577 1556 2622; x_wconf 80' lang='lat'><em>12.)</em></span> <span class='ocrx_word' id='word_1_311' title='bbox 1581 2576 1680 2622; x_wconf 90' lang='lat' dir='ltr'>quod</span> 
     </span>
     <span class='ocr_line' id='line_1_35' title="bbox 91 2627 619 2664; baseline 0 0"><span class='ocrx_word' id='word_1_312' title='bbox 91 2627 204 2664; x_wconf 82' lang='lat' dir='ltr'>timor</span> <span class='ocrx_word' id='word_1_313' title='bbox 224 2637 278 2664; x_wconf 90' lang='lat' dir='ltr'>est</span> <span class='ocrx_word' id='word_1_314' title='bbox 299 2629 344 2664; x_wconf 91' lang='lat' dir='ltr'>de</span> <span class='ocrx_word' id='word_1_315' title='bbox 365 2629 466 2664; x_wconf 87' lang='lat' dir='ltr'>malo</span> <span class='ocrx_word' id='word_1_316' title='bbox 485 2629 619 2664; x_wconf 82' lang='lat' dir='ltr'>futuro.</span> 
     </span>
    </p>

    <p class='ocr_par' dir='ltr' id='par_1_22' title="bbox 93 2682 1682 2948">
     <span class='ocr_line' id='line_1_36' title="bbox 163 2682 1682 2731; baseline 0 -13"><span class='ocrx_word' id='word_1_317' title='bbox 163 2682 396 2719; x_wconf 79' lang='lat' dir='ltr'>RESPONDEO</span> <span class='ocrx_word' id='word_1_318' title='bbox 418 2683 628 2726; x_wconf 88' lang='lat' dir='ltr'>dicendum,</span> <span class='ocrx_word' id='word_1_319' title='bbox 650 2683 749 2730; x_wconf 89' lang='lat' dir='ltr'>quod</span> <span class='ocrx_word' id='word_1_320' title='bbox 770 2683 882 2718; x_wconf 87' lang='lat' dir='ltr'>timor</span> <span class='ocrx_word' id='word_1_321' title='bbox 899 2692 953 2719; x_wconf 86' lang='lat' dir='ltr'>est</span> <span class='ocrx_word' id='word_1_322' title='bbox 967 2684 1117 2731; x_wconf 89' lang='lat' dir='ltr'>quidam</span> <span class='ocrx_word' id='word_1_323' title='bbox 1139 2693 1262 2719; x_wconf 85' lang='lat' dir='ltr'>motus</span> <span class='ocrx_word' id='word_1_324' title='bbox 1286 2684 1504 2731; x_wconf 84' lang='lat' dir='ltr'>appetitivae</span> <span class='ocrx_word' id='word_1_325' title='bbox 1526 2683 1682 2726; x_wconf 85' lang='lat' dir='ltr'>virtutis,</span> 
     </span>
     <span class='ocr_line' id='line_1_37' title="bbox 94 2735 1681 2786; baseline 0 -14"><span class='ocrx_word' id='word_1_326' title='bbox 94 2735 139 2772; x_wconf 81' lang='lat' dir='ltr'>ad</span> <span class='ocrx_word' id='word_1_327' title='bbox 158 2737 331 2772; x_wconf 87' lang='lat' dir='ltr'>virtutem</span> <span class='ocrx_word' id='word_1_328' title='bbox 353 2745 476 2772; x_wconf 87' lang='lat' dir='ltr'>autem</span> <span class='ocrx_word' id='word_1_329' title='bbox 503 2737 738 2784; x_wconf 83' lang='lat' dir='ltr'>appetitivam</span> <span class='ocrx_word' id='word_1_330' title='bbox 760 2738 917 2785; x_wconf 87' lang='lat' dir='ltr'>pertinet</span> <span class='ocrx_word' id='word_1_331' title='bbox 943 2739 1165 2786; x_wconf 85' lang='lat' dir='ltr'>prosecutio,</span> <span class='ocrx_word' id='word_1_332' title='bbox 1188 2746 1222 2773; x_wconf 89' lang='lat' dir='ltr'>et</span> <span class='ocrx_word' id='word_1_333' title='bbox 1243 2737 1343 2785; x_wconf 84' lang='lat' dir='ltr'>fuga,</span> <span class='ocrx_word' id='word_1_334' title='bbox 1371 2746 1409 2773; x_wconf 87' lang='lat' dir='ltr'>ut</span> <span class='ocrx_word' id='word_1_335' title='bbox 1437 2739 1567 2772; x_wconf 89' lang='lat' dir='ltr'>dicitur</span> <span class='ocrx_word' id='word_1_336' title='bbox 1589 2738 1625 2772; x_wconf 76' lang='lat' dir='ltr'>h]</span> <span class='ocrx_word' id='word_1_337' title='bbox 1647 2736 1681 2772; x_wconf 90' lang='lat'>6.</span> 
     </span>
     <span class='ocr_line' id='line_1_38' title="bbox 93 2788 1680 2840; baseline 0 -14"><span class='ocrx_word' id='word_1_338' title='bbox 93 2788 210 2826; x_wconf 80' lang='lat' dir='ltr'>Ethic.</span> <span class='ocrx_word' id='word_1_339' title='bbox 225 2792 314 2839; x_wconf 86' lang='lat' dir='ltr'>(cap.</span> <span class='ocrx_word' id='word_1_340' title='bbox 335 2792 407 2837; x_wconf 88' lang='lat'><em>2.):</em></span> <span class='ocrx_word' id='word_1_341' title='bbox 423 2799 478 2826; x_wconf 91' lang='lat' dir='ltr'>est</span> <span class='ocrx_word' id='word_1_342' title='bbox 491 2799 612 2826; x_wconf 87' lang='lat' dir='ltr'>autem</span> <span class='ocrx_word' id='word_1_343' title='bbox 628 2792 837 2838; x_wconf 85' lang='lat' dir='ltr'>prosecutio</span> <span class='ocrx_word' id='word_1_344' title='bbox 858 2792 958 2835; x_wconf 92' lang='lat' dir='ltr'>boni,</span> <span class='ocrx_word' id='word_1_345' title='bbox 973 2792 1059 2840; x_wconf 87' lang='lat' dir='ltr'>fuga</span> <span class='ocrx_word' id='word_1_346' title='bbox 1074 2801 1198 2828; x_wconf 86' lang='lat' dir='ltr'>autem</span> <span class='ocrx_word' id='word_1_347' title='bbox 1221 2793 1329 2835; x_wconf 86' lang='lat' dir='ltr'>mali;</span> <span class='ocrx_word' id='word_1_348' title='bbox 1346 2793 1442 2827; x_wconf 86' lang='lat' dir='ltr'>unde</span> <span class='ocrx_word' id='word_1_349' title='bbox 1457 2793 1680 2839; x_wconf 85' lang='lat' dir='ltr'>quicumque</span> 
     </span>
     <span class='ocr_line' id='line_1_39' title="bbox 95 2843 1681 2893; baseline 0 -13"><span class='ocrx_word' id='word_1_350' title='bbox 95 2852 217 2880; x_wconf 88' lang='lat' dir='ltr'>motus</span> <span class='ocrx_word' id='word_1_351' title='bbox 231 2843 447 2893; x_wconf 82' lang='lat' dir='ltr'>appetitivae</span> <span class='ocrx_word' id='word_1_352' title='bbox 465 2845 607 2880; x_wconf 82' lang='lat' dir='ltr'>virtutis</span> <span class='ocrx_word' id='word_1_353' title='bbox 622 2847 795 2892; x_wconf 86' lang='lat' dir='ltr'>importat</span> <span class='ocrx_word' id='word_1_354' title='bbox 815 2847 1128 2893; x_wconf 90' lang='lat' dir='ltr'>prosecutionem,</span> <span class='ocrx_word' id='word_1_355' title='bbox 1146 2847 1258 2881; x_wconf 89' lang='lat' dir='ltr'>habet</span> <span class='ocrx_word' id='word_1_356' title='bbox 1281 2846 1430 2893; x_wconf 83' lang='lat' dir='ltr'>aliquod</span> <span class='ocrx_word' id='word_1_357' title='bbox 1454 2847 1596 2881; x_wconf 89' lang='lat' dir='ltr'>bonurn</span> <span class='ocrx_word' id='word_1_358' title='bbox 1615 2858 1681 2893; x_wconf 92' lang='lat' dir='ltr'>pro</span> 
     </span>
     <span class='ocr_line' id='line_1_40' title="bbox 95 2897 1682 2948; baseline 0.001 -14"><span class='ocrx_word' id='word_1_359' title='bbox 95 2897 259 2945; x_wconf 83' lang='lat' dir='ltr'>objecto:</span> <span class='ocrx_word' id='word_1_360' title='bbox 281 2899 504 2947; x_wconf 89' lang='lat' dir='ltr'>quicumque</span> <span class='ocrx_word' id='word_1_361' title='bbox 523 2908 645 2934; x_wconf 87' lang='lat' dir='ltr'>autem</span> <span class='ocrx_word' id='word_1_362' title='bbox 660 2899 834 2947; x_wconf 85' lang='lat' dir='ltr'>importat</span> <span class='ocrx_word' id='word_1_363' title='bbox 854 2899 993 2947; x_wconf 86' lang='lat' dir='ltr'>sugam,</span> <span class='ocrx_word' id='word_1_364' title='bbox 1012 2901 1123 2936; x_wconf 86' lang='lat' dir='ltr'>habet</span> <span class='ocrx_word' id='word_1_365' title='bbox 1138 2901 1278 2936; x_wconf 85' lang='lat' dir='ltr'>malum</span> <span class='ocrx_word' id='word_1_366' title='bbox 1299 2912 1365 2948; x_wconf 86' lang='lat' dir='ltr'>pro</span> <span class='ocrx_word' id='word_1_367' title='bbox 1385 2901 1550 2947; x_wconf 81' lang='lat' dir='ltr'>object03</span> <span class='ocrx_word' id='word_1_368' title='bbox 1573 2900 1682 2943; x_wconf 88' lang='lat' dir='ltr'>unde,</span> 
     </span>
    </p>
   </div>
  </div>
 </body>
</html>
