1907 3198
0 1046 25 1301 ww

511 195 733 234 Quasssno
768 195 853 226 etv.
889 193 1133 225 Aut-teucos
1166 193 1222 223 w.
1564 181 1647 236 787

158 291 187 326 3.
209 279 446 315 Pium-renna.
477 278 674 325 Praecepta
702 275 985 312 caeremonialia
1006 275 1090 322 quia
1124 282 1260 310 certam
1295 274 1565 309 distinctionem
1587 275 1651 309 ha-

82 333 178 377 bent,
211 343 341 368 eorum
373 331 555 367 distinctio
590 331 625 366 in
659 330 738 377 lege
766 330 936 372 innuitur,
957 329 1044 364 dum
1070 328 1249 376 quaedam
1272 336 1449 363 vocantur
1469 329 1650 375 sacrificia,

82 385 263 434 quaedam
295 386 543 421 observantiae:
576 385 638 420 sed
671 384 770 419 nulla
797 383 980 418 distinctio
1012 382 1171 417 innuitur
1193 382 1228 416 in
1255 381 1335 428 lege
1374 390 1650 428 praeceptorum

81 439 327 488 judicialium;
349 450 438 485 ergo
457 439 608 481 videtur,
630 438 727 485 quod
749 449 822 472 non
841 437 999 472 habeant
1020 444 1156 472 certam
1178 435 1460 470 distinctionem.

154 493 231 529 SED
252 502 420 530 CONTRA.
445 492 515 528 Ubi
537 500 590 527 est
611 491 714 534 ordo,
736 499 880 538 oportet
901 490 997 537 quod
1019 490 1065 525 sit
1086 489 1290 525 distinctio:
1313 489 1376 524 sed
1399 488 1490 523 ratio
1513 488 1650 523 ordinis

84 546 242 583 maxime
262 547 416 594 pertinet
438 546 481 581 ad
504 554 695 593 praccepta
721 544 914 590 judicialia,
942 555 1004 591 per
1025 554 1119 590 quae
1138 542 1292 590 populus
1315 542 1374 577 ille
1396 542 1649 584 ordinabatur;

81 611 170 649 ergo
191 599 350 635 maxime
370 599 502 634 debent
526 599 659 634 habere
682 598 952 634 distinctionem
974 605 1124 632 certam.

153 653 383 690 RESPONDEO
416 652 623 695 dicendum,
656 651 766 699 quod,
797 663 880 687 cum
903 651 958 686 lex
981 651 1026 686 sit
1055 650 1156 698 quasi
1187 649 1366 697 quaedam
1389 661 1445 685 ars
1467 649 1649 684 humanae

82 707 177 744 vitae
196 706 449 749 instituendae,
475 706 532 741 vel
554 705 789 747 ordinandae,
820 707 912 740 sicut
939 705 973 739 in
997 715 1215 751 unaquaque
1243 712 1317 739 arte
1340 711 1393 738 est
1415 711 1511 738 certa
1533 703 1653 738 distin-

81 760 155 797 ctio
176 759 385 808 regularum
411 759 516 802 artis;
537 759 586 795 ita
607 765 736 808 oportet
757 761 791 794 in
817 759 959 805 qualibet
986 759 1050 804 iege
1068 770 1129 793 εςςυ
1151 763 1271 793 certum
1292 757 1530 793 distinctionem
1544 763 1650 804 prac-

80 819 268 864 ceptorum:
295 812 399 849 aliter
419 813 517 849 enim
540 813 616 860 ipsa
638 812 805 848 confusio
836 811 1027 847 utilitatem
1049 811 1140 858 legis
1167 810 1341 854 auferret;
1368 819 1403 846 et
1433 810 1514 846 ideo
1536 810 1649 846 dicen-

81 867 160 904 dum
192 872 250 911 est,
282 866 369 914 quod
392 872 569 914 praecepta
606 866 785 913 judicialia
822 867 941 901 veteris
963 866 1051 911 legis,
1081 871 1142 912 per
1167 876 1250 911 quae
1271 865 1416 900 homines
1437 864 1480 899 ad
1506 865 1648 900 invicem

80 920 334 965 ordinabantur,
356 920 596 956 distinctionem
615 920 734 956 habent
757 919 933 955 sccumium
954 919 1193 954 distinctionem
1221 918 1441 953 ordinationis
1462 918 1650 953 immanite:

80 974 287 1024 quadruplex
304 982 426 1010 autem
448 973 539 1009 ordo
561 973 597 1008 in
616 973 738 1020 aliquo
761 972 896 1020 populo
916 972 1067 1007 inveniri
1094 979 1228 1019 potest:
1251 984 1334 1007 unus
1355 971 1503 1019 quidem
1525 971 1654 1018 princi-

81 1028 183 1077 pium
203 1027 327 1077 populi
353 1027 398 1063 ad
423 1027 604 1063 subditos:
627 1027 712 1062 alius
734 1035 855 1062 autem
878 1026 1102 1061 subditorum
1126 1025 1169 1060 ad
1191 1025 1371 1060 invicem:
1394 1027 1508 1062 tertius
1530 1033 1651 1060 autem

81 1093 222 1125 eorum,
243 1093 336 1130 quae
355 1090 440 1117 sunt
452 1081 496 1117 de
511 1080 647 1129 populo
659 1081 701 1115 ad
717 1088 926 1115 extraneos:
942 1084 1079 1126 quartus
1098 1087 1219 1114 autem
1239 1079 1282 1113 ad
1304 1080 1539 1122 domesticos,
1561 1079 1654 1114 sicut

82 1136 191 1185 patris
212 1135 257 1171 ad
283 1134 411 1179 filium,
434 1134 555 1170 uxoris
578 1134 622 1169 ad
643 1134 773 1176 virum,
796 1141 830 1168 et
851 1133 991 1168 domini
1014 1132 1057 1167 ad
1079 1144 1247 1167 servum:
1280 1141 1315 1167 et
1341 1133 1542 1168 secundum
1564 1133 1652 1168 istos

81 1197 238 1238 quatuor
263 1188 409 1225 ordines
427 1188 598 1235 distingui
624 1196 775 1236 possunt
801 1194 993 1234 praecepta
1020 1185 1202 1232 judicialia
1229 1186 1360 1221 veteris
1387 1185 1489 1232 legis.
1512 1186 1654 1221 Dantur

83 1251 206 1279 autem
226 1241 388 1290 quaedam
410 1250 602 1289 praecepta
623 1241 667 1276 de
689 1240 914 1276 institutione
936 1239 1152 1287 principum,
1175 1247 1208 1274 et
1243 1238 1364 1274 officio
1387 1251 1528 1282 eorum,
1551 1248 1586 1275 et
1607 1240 1651 1275 de

82 1295 283 1333 reverentia
302 1295 354 1332 eis
371 1295 638 1332 exhibendazet
649 1294 738 1329 haec
754 1303 807 1328 est
828 1305 896 1328 tana
911 1304 992 1340 pars
1007 1292 1232 1338 judicialium
1247 1302 1543 1340 praeceptorum:
1568 1294 1653 1328 dan-

82 1358 140 1386 tur
157 1349 266 1386 etiam
287 1348 449 1401 qua-edam
471 1356 662 1396 praecepta
685 1347 898 1394 pertinentia
918 1346 961 1381 ad
981 1346 1152 1381 concives
1180 1346 1222 1380 ad
1246 1347 1423 1390 invicem3
1451 1356 1535 1394 puta
1557 1347 1653 1382 circa

82 1402 298 1450 emptiones,
318 1410 355 1438 et
375 1401 614 1444 venditiones,
635 1409 671 1436 et
691 1400 835 1446 judicia,
857 1409 892 1435 et
914 1411 1068 1446 poenas:
1091 1408 1126 1435 et
1151 1400 1242 1435 haec
1265 1410 1318 1436 est
1343 1401 1481 1436 secunda
1503 1413 1584 1448 pars
1605 1402 1655 1447 ju-

81 1455 267 1492 dicialium
302 1464 598 1503 praeceptorum:
629 1454 759 1489 dantur
792 1453 901 1488 etiam
935 1453 1097 1500 quaedam
1135 1462 1326 1501 praecepta
1361 1454 1574 1500 pertinentia
1609 1456 1652 1490 ad

81 1517 290 1553 extraneos;
310 1516 396 1557 puta
417 1508 461 1544 de
482 1507 586 1544 bellis
612 1516 738 1543 contra
760 1507 895 1549 hostes,
922 1515 958 1542 et
984 1507 1028 1542 de
1050 1507 1280 1553 susceptione
1308 1508 1597 1554 peregrinorum,
1619 1518 1653 1543 et

83 1563 324 1600 advenarum:
347 1570 384 1599 et
403 1561 495 1598 haec
517 1570 571 1597 est
592 1563 689 1597 tertia
715 1572 796 1608 pars
818 1559 1043 1606 judicialium
1070 1569 1369 1608 praeceptorum:
1392 1561 1521 1596 dantur
1542 1562 1652 1597 etiam

82 1616 120 1653 in
139 1615 221 1664 lege
238 1615 401 1664 quaedam
421 1623 612 1663 praecepta
638 1614 852 1662 pertinentia
875 1614 918 1648 ad
941 1614 1184 1649 domesticam
1206 1615 1543 1659 conversationem;
1561 1616 1653 1651 sicut

81 1670 127 1707 de
158 1669 284 1713 servis,
305 1678 341 1706 et
361 1669 543 1712 uxoribus,
565 1677 600 1704 et
626 1668 722 1703 filiis:
754 1676 789 1703 et
822 1668 911 1703 haec
940 1676 993 1703 est
1023 1672 1143 1714 qujarta
1165 1679 1247 1715 pars
1268 1668 1493 1714 judicialium
1512 1681 1654 1717 praecc-

85 1731 244 1772 ptorum.

153 1777 215 1814 AD
235 1787 386 1814 munim
407 1787 496 1823 ergo
517 1775 725 1818 dicendum,
746 1775 844 1822 quod
866 1786 907 1810 ea
929 1786 1022 1822 quae
1038 1775 1217 1822 pertinent
1239 1776 1282 1810 ad
1305 1775 1572 1812 ordinationem
1586 1777 1653 1812 ho-

82 1831 222 1869 minum
243 1830 288 1866 ad
309 1830 480 1873 invicem,
501 1837 584 1865 sunt
604 1829 751 1877 quidem
773 1840 926 1864 numero
948 1828 1100 1871 infinita,
1121 1828 1184 1864 sed
1211 1837 1333 1864 tamen
1357 1829 1479 1864 reduci
1501 1839 1653 1877 possunt

39 1898 41 1904 ⁴
82 1884 129 1922 ad
149 1883 271 1933 aliqua
292 1892 391 1920 certa
408 1883 609 1920 secundum
631 1881 873 1918 differentiam
895 1881 1134 1917 ordinationis
1160 1882 1355 1925 humanae,
1383 1891 1421 1918 ut
1441 1883 1579 1918 dictum
1601 1892 1655 1919 cst

81 1939 139 1986 (in
156 1945 252 1987 corp.
266 1937 364 1984 art).

152 1991 215 2029 AD
234 2001 444 2029 sacunmm
465 1990 673 2033 dicendum,
695 1989 792 2037 quod
820 1997 1010 2036 praecepta
1032 1988 1201 2036 decalogi
1223 1998 1304 2025 sunt
1326 1990 1441 2037 prima
1463 1990 1498 2025 in
1521 2002 1652 2037 genere

84 2044 295 2090 moralium,
317 2052 357 2081 ut
375 2055 482 2093 supra
503 2043 641 2079 dictum
663 2051 717 2079 est
731 2043 776 2090 (q.
792 2056 868 2080 roo.
882 2044 1019 2090 art.3.),·
1036 2050 1071 2078 et
1085 2043 1167 2078 ideo
1187 2043 1447 2079 convenienter
1468 2043 1537 2079 alia
1555 2056 1654 2091 prae-

84 2107 190 2148 cepta
210 2097 365 2136 moralia
384 2097 586 2135 secundum
607 2109 649 2133 ea
671 2097 957 2144 distinguuntur:
991 2097 1053 2132 sed
1076 2106 1266 2145 praecepta
1303 2097 1498 2144 judicialia,
1520 2106 1555 2133 et
1577 2109 1654 2134 cae-

83 2151 299 2190 remonialia
319 2152 455 2188 habent
475 2151 585 2187 aliam
607 2150 787 2186 rationem
821 2150 1065 2197 obligationis,
1092 2161 1166 2186 non
1200 2151 1347 2198 quidem
1369 2163 1411 2186 ex
1434 2151 1572 2187 ratione
1595 2163 1653 2186 na-

82 2205 203 2250 mrali,
221 2206 286 2243 sed
311 2217 355 2242 ex
372 2204 453 2242 sola
473 2204 717 2241 institutione:
740 2212 775 2239 et
796 2204 878 2240 ideo
893 2204 1135 2240 distinctionis
1156 2215 1284 2240 eorum
1308 2204 1377 2240 alia
1400 2213 1453 2240 est
1475 2205 1577 2240 ratio.

155 2259 217 2297 AD
237 2269 410 2297 'rutrum
423 2257 740 2305 dicendum,quod
756 2269 798 2293 ex
819 2257 905 2305 ipsis
924 2257 1040 2301 rebus,
1057 2269 1149 2305 quac
1172 2270 1234 2305 per
1257 2266 1448 2306 praecepta
1470 2258 1652 2304 judicialia

84 2313 297 2351 ordinantur
315 2312 354 2349 in
374 2312 470 2360 lege,
491 2312 607 2348 innuit
624 2311 680 2347 lex
703 2311 974 2347 distinctionem
1001 2311 1224 2358 judicialium
1248 2321 1536 2359 praeceptorum.
