1875 3198
204 184 292 226 494
619 185 840 221 QUAESTIO
874 185 973 215 LXX.
1007 185 1253 216 ARTICULUS
1286 186 1342 215 iv.

203 272 286 298 sunt
306 264 342 298 in
365 264 495 299 eodem
517 276 667 311 genere:
691 266 752 300 sed
775 277 884 313 opera
907 267 1023 301 carnis
1050 277 1125 301 non
1146 267 1312 301 dicuntur
1333 266 1491 310 fructus;
1519 279 1605 314 ergo
1631 268 1767 303 fructus

204 317 357 364 Spiritus
379 318 429 352 eis
451 330 525 352 non
548 321 820 354 contrariantur.

274 381 305 405 2.
328 371 563 407 PRAETEREA.
587 373 711 406 Unum
734 374 796 406 uni
818 381 870 407 est
893 373 1132 407 contrarium:
1155 374 1216 408 sed
1238 373 1340 420 plura
1363 382 1551 409 enumerat
1567 375 1767 422 Apostolus

203 435 312 470 opera
335 426 461 467 carnis,
477 437 585 472 quam
600 425 734 460 fructus
758 427 927 473 Spiritus;
951 438 1037 472 ergo
1055 427 1191 462 fructus
1207 427 1371 474 Spiritus,
1390 437 1425 462 et
1438 439 1547 475 opera
1563 429 1678 463 carnis
1692 440 1767 463 non

205 486 480 512 contrariantur.

277 543 304 577 3.
327 532 562 567 PRAETEREA.
585 533 680 567 Inter
700 533 836 568 fructus
859 533 1010 580 Spiritus
1032 534 1150 580 primo
1173 543 1353 580 ponuntur
1375 535 1530 578 charitas,
1545 535 1717 581 gaudium,
1733 544 1768 570 et

197 591 292 631 pax;
308 586 434 631 quibus
451 597 524 619 non
541 587 826 632 correspondent
834 598 886 629 ea,
898 598 989 633 quae
1004 588 1122 633 primo
1138 596 1394 622 enumerantur
1406 589 1499 622 inter
1512 600 1622 634 opera
1637 589 1766 631 carnis,

203 649 295 684 quae
322 647 404 672 sunt
421 639 621 684 fornicatio,
649 641 874 683 immunditia,
907 649 942 675 et
969 641 1180 687 impudicitia
1193 654 1206 682 ,·
1235 653 1322 687 ergo
1348 641 1484 676 fructus
1513 642 1665 688 Spiritus
1691 654 1766 676 non

203 687 467 726 contrariahtur
489 693 657 738 operibus
686 695 812 728 carnis.

273 745 347 779 SED
375 756 527 780 CONTRA
550 754 613 788 est,
635 748 732 793 quod
754 748 883 795 Apost.
907 748 992 782 dicit
1015 748 1160 790 ibidem,
1176 748 1273 794 quod
1295 760 1372 783 caro
1395 750 1594 796 concupiscit
1612 749 1768 785 adversas

199 800 363 844 spiritam,
388 807 422 833 et
441 801 574 845 spiritns
595 800 749 835 adversus
771 813 914 835 cai-nain.
948 806 960 811 '

272 852 500 887 RESPONDEO
519 854 725 896 dicendum,
741 855 838 900 quod
857 866 968 901 opera
987 855 1115 898 carnis,
1130 863 1165 889 et
1177 854 1313 890 fructus
1327 855 1471 901 spiritus
1485 864 1637 902 possunt
1649 856 1767 902 accipi

200 905 381 951 sinpliciter.
411 907 482 940 Uno
505 907 600 941 niodo
623 908 823 942 secundum
843 920 1082 943 communem
1103 909 1301 943 rationem:
1325 917 1361 943 et
1380 909 1452 943 hoc
1474 909 1587 943 modo
1609 909 1646 943 in
1669 920 1766 943 com-

200 960 301 993 muni
332 959 467 994 fructus
495 961 648 1007 Spiritus
677 962 801 996 Sancti
828 962 1092 996 contrariantur
1119 963 1287 1008 operibus
1317 963 1456 998 carnis:
1485 962 1639 1008 Spiritus
1666 963 1764 997 enim

200 1012 354 1047 Sanctus
377 1022 501 1048 movet
522 1014 721 1049 humanam
744 1024 906 1050 mentem
931 1016 973 1050 ad
995 1016 1042 1058 id,
1066 1017 1163 1062 quod
1189 1024 1241 1050 est
1268 1016 1468 1050 secundum
1494 1016 1686 1060 rationem,
1707 1016 1766 1051 vel

198 1067 316 1111 potius
339 1067 383 1100 ad
404 1067 452 1109 id,
475 1068 572 1113 quod
595 1077 648 1102 est
669 1080 775 1115 supra
797 1071 994 1103 rationem:
1019 1070 1196 1115 appetitus
1219 1078 1341 1104 autem
1361 1070 1490 1112 carnis,
1505 1070 1566 1116 qui
1587 1077 1642 1103 est
1661 1081 1766 1116 appe-

197 1120 281 1153 titus
307 1121 508 1163 sensitivus,
536 1122 646 1156 trahit
672 1123 715 1156 ad
742 1123 837 1156 bona
865 1122 1058 1165 sensibilia,
1078 1118 1178 1169 ‘quae
1205 1131 1287 1157 sunt
1312 1123 1404 1157 infra
1428 1123 1643 1166 hominem3
1670 1124 1765 1157 unde

197 1174 290 1207 sicut
311 1182 432 1208 motus
455 1186 609 1217 sursum,
633 1184 667 1209 et
688 1185 809 1210 motus
833 1177 1002 1211 deorsum
1026 1177 1292 1210 contrariantur
1317 1177 1354 1210 in
1380 1176 1627 1218 naturalibus;
1653 1177 1702 1211 ita
1728 1177 1765 1210 in

199 1227 367 1272 operibus
400 1228 570 1263 humanis
597 1230 863 1264 contrariantur
890 1241 999 1276 opera
1027 1232 1143 1264 carnis
1169 1229 1342 1264 fructibus
1369 1230 1532 1276 Spiritus.
1556 1230 1636 1265 Alio
1669 1230 1764 1264 modo

197 1289 348 1326 possunt
369 1282 589 1316 considerari
616 1283 816 1317 secundum
843 1284 1006 1330 proprias
1034 1284 1191 1318 rationes
1218 1283 1447 1329 singulorum
1472 1283 1655 1317 fructuum
1682 1295 1766 1318 enu-

200 1343 433 1378 meratorum,
458 1344 491 1370 et
513 1348 667 1382 operum
690 1338 828 1372 carnis:
853 1347 888 1372 et
909 1339 958 1372 sic
978 1349 1052 1372 non
1071 1346 1225 1384 oportet,
1241 1338 1338 1383 quod
1353 1337 1495 1383 singula
1517 1337 1668 1383 singulis
1683 1349 1766 1372 con-

197 1396 453 1434 traponantur:
477 1391 571 1436 quia,
586 1391 678 1425 sicut
693 1392 829 1425 dictum
852 1400 905 1425 est
928 1391 1007 1435 (art.
1026 1398 1140 1438 praec.
1156 1391 1198 1425 ad
1211 1392 1275 1436 4.),
1294 1391 1495 1437 Apostolus
1516 1403 1590 1425 non
1612 1391 1764 1425 intendit

199 1453 409 1477 enumerare
437 1444 561 1478 onmia
587 1456 696 1490 opera
723 1445 920 1491 spiritualia
946 1457 1012 1479 nec
1041 1445 1165 1479 omnia
1192 1456 1302 1490 opera
1329 1444 1499 1478 carnalia.
1536 1444 1608 1478 Sed
1633 1453 1756 1479 tamen

195 1496 371 1530 secundani
393 1497 571 1542 qnamdam
593 1498 841 1544 adaptationem
864 1499 958 1545 Aug.
981 1510 1086 1544 super
1109 1498 1301 1545 epistolam
1324 1499 1367 1532 ad
1391 1498 1509 1532 Galat.
1531 1499 1618 1545 (cap.
1637 1510 1666 1544 5.
1688 1505 1760 1546 sup.

195 1549 278 1583 illud
289 1562 299 1584 .·
318 1551 460 1585 Fructus
478 1556 587 1586 alitent
603 1552 761 1597 Spiritus)
782 1554 990 1598 contraponit
1007 1553 1141 1597 singulis
1159 1553 1308 1598 operibus
1326 1554 1436 1586 carnis
1451 1552 1594 1597 sing-ulos
1603 1553 1761 1598 fructus:

196 1603 288 1637 sicut
301 1604 534 1649 fornicationi,
557 1616 648 1650 quae
671 1613 724 1639 est
747 1616 849 1639 amor
872 1605 1068 1651 explendae
1090 1605 1246 1639 libidinis
1275 1616 1294 1638 a
1321 1605 1485 1650 legitimo
1505 1605 1688 1639 connubio
1707 1617 1762 1640 so-

198 1655 305 1698 lutus,
329 1659 524 1702 opponitur
549 1658 713 1698 Charitas,
741 1670 803 1704 per
824 1670 933 1704 quam
964 1659 1085 1692 anima
1116 1659 1346 1704 conjungitur
1371 1659 1466 1701 Deo,
1493 1659 1530 1692 in
1552 1670 1622 1705 qua
1652 1660 1761 1693 etiam

198 1718 251 1743 est
271 1721 356 1744 vera
379 1711 540 1745 castitas:
564 1712 794 1746 imnzumlitiac
821 1720 943 1746 autem
969 1720 1052 1746 sunt
1078 1723 1206 1746 omnes
1233 1712 1520 1758 perturbationes
1542 1712 1585 1746 de
1606 1711 1668 1746 illa
1694 1712 1764 1746 for-

194 1763 377 1797 nicatione
401 1772 610 1810 conceptae,
626 1765 754 1810 quibus
766 1766 926 1811 gandium
946 1766 1197 1811 tranquillitatis
1212 1765 1423 1811 opponitur:
1447 1765 1613 1800 idolorum
1639 1774 1762 1800 autem

193 1819 344 1859 servitus,
368 1828 430 1863 per
452 1829 560 1863 quam
590 1818 727 1852 bellum
750 1826 803 1853 est
825 1827 967 1864 gestum
998 1820 1167 1853 adversus
1195 1819 1425 1865 evangelium
1453 1819 1535 1862 Dei,
1566 1820 1762 1866 opponitur

190 1873 287 1916 paci:
312 1879 438 1905 contra
459 1873 630 1918 veneficia,
655 1880 787 1914 autem,
809 1874 1017 1916 inimicitias,
1046 1881 1080 1907 et
1101 1874 1328 1915 contentiones,
1352 1874 1588 1916 animositates,
1615 1874 1761 1908 aemula-

194 1926 306 1967 tiones,
330 1933 364 1958 et
385 1925 593 1960 dissensiones
614 1934 848 1972 opponuntur
865 1927 1099 1972 longanimitas
1114 1927 1157 1960 ad
1176 1926 1426 1960 sustinendum
1443 1926 1540 1960 mala
1554 1927 1760 1969 hominurn,

194 1979 285 2012 inter
306 1990 396 2024 quos
418 1979 585 2021 vivimus,
608 1988 642 2013 et
664 1979 707 2012 ad
731 1980 929 2013 curandum
957 1981 1151 2025 benignitas,
1183 1988 1218 2014 et
1249 1981 1292 2014 ad
1322 1980 1587 2026 ignoscendum
1609 1981 1759 2015 bonitas:

195 2032 374 2066 liam-esibus
396 2041 516 2066 autem
540 2033 733 2078 opponitur
745 2033 849 2079 sides:
872 2033 1020 2068 ¹invidiae
1045 2033 1278 2068 mansuetudo:
1301 2034 1524 2076 ebrietatibus,
1547 2041 1580 2068 et
1606 2045 1759 2069 comessa-

195 2087 335 2120 tionibus
357 2087 568 2120 continentia.

265 2141 324 2173 Al)
347 2151 495 2174 PRIMUM
518 2152 604 2185 ergo
628 2141 833 2183 dicendum,
857 2141 952 2186 quod
976 2141 1022 2183 id,
1045 2142 1141 2187 quod
1160 2141 1324 2186 procedit
1345 2140 1387 2174 ab
1410 2140 1536 2174 arbore
1556 2149 1681 2175 contra
1700 2152 1759 2175 na-

193 2201 310 2227 turam
334 2193 481 2235 arboris,
503 2205 576 2227 non
600 2194 728 2227 dicitur
751 2206 828 2228 csse
850 2194 985 2228 fructus
1013 2196 1100 2240 ejus,
1123 2195 1184 2228 sed
1206 2194 1322 2239 magis
1350 2194 1532 2240 corruptio
1559 2194 1756 2240 quaedam:

194 2254 229 2280 et
249 2247 333 2292 quia
353 2247 526 2280 virtutum
551 2258 660 2293 opera
681 2256 764 2281 sunt
786 2248 1034 2282 connaturalia
1062 2248 1204 2289 rationi,
1232 2258 1341 2293 opera
1363 2258 1451 2282 vero
1477 2247 1649 2281 vitiorum
1675 2256 1758 2282 sunt
1778 2271 1788 2282 x

194 2309 319 2334 contra
346 2301 543 2342 ration<3m3
571 2301 652 2335 idco
681 2312 790 2347 opera
817 2301 990 2335 virtutum
1018 2301 1153 2336 fructus
1183 2301 1361 2343 dicuntur,
1391 2312 1465 2335 non
1496 2308 1616 2335 autem
1646 2312 1756 2348 opera

193 2354 375 2388 vitiorum.

264 2409 323 2442 AD
347 2418 552 2442 SECUNDUM
575 2407 780 2451 dicendum,
803 2409 899 2454 quod
921 2409 1059 2442 bonum
1082 2408 1259 2454 contingit
1278 2419 1350 2442 uno
1370 2408 1493 2450 modo,
1513 2407 1651 2442 malum
1669 2419 1755 2443 vero

193 2461 433 2503 omnifariam,
456 2470 493 2496 ut
514 2462 666 2507 Dionys.
690 2462 775 2495 dicit
795 2473 827 2504 4.
851 2474 928 2508 cap.
952 2463 994 2496 de
1017 2463 1098 2496 Div.
1126 2463 1235 2496 Nom.
1264 2463 1366 2508 (part.
1389 2473 1422 2506 4.
1445 2463 1515 2497 lact.
1538 2463 1608 2508 22.)
1620 2475 1632 2502 ,·
1661 2463 1754 2497 unde

193 2524 227 2550 ct
248 2516 307 2549 uni
329 2516 449 2549 virtuti
471 2514 571 2561 plura
593 2516 677 2548 vitia
700 2524 950 2561 oppommtur;
974 2525 1007 2550 et
1029 2524 1174 2562 propter
1193 2517 1263 2550 hoc
1278 2527 1351 2550 non
1367 2524 1420 2550 cst
1439 2517 1584 2559 mirum,
1603 2516 1631 2550 si
1651 2516 1753 2562 plura

191 2578 372 2615 ponuntur
394 2580 502 2615 opera
526 2569 653 2610 carnis,
677 2580 785 2614 quam
808 2568 942 2603 fructus
970 2570 1134 2616 Spiritus.

263 2623 322 2657 AD
345 2633 514 2657 TERTIUM
538 2630 634 2668 patet
655 2622 787 2656 solutio
810 2634 850 2656 ex
878 2623 980 2657 dictis
1005 2624 1053 2667 (in
1077 2623 1198 2670 corp).
