1907 3198
498 126 722 162 QUAESTIO
756 125 827 155 XV.
862 124 1109 156 ARTICULUS
1143 124 1188 154 11.
1554 125 1632 169 129

124 214 185 248 Ao
207 223 416 248 SECUNDUM
439 211 647 254 dicendum,
670 210 768 258 quod
791 217 936 245 remoto
959 209 1082 257 priori,
1101 216 1312 243 removetur
1331 209 1523 256 posterius,
1538 209 1636 256 quod

53 267 197 316 proprie
219 278 262 301 ex
284 278 328 301 eo
349 274 491 301 tantum
514 265 691 312 sequitur:
715 264 744 299 si
767 272 889 298 autem
912 263 1047 324 aliquid
1063 275 1105 297 ex
1119 262 1280 309 pluribus
1300 263 1401 309 sequi
1420 263 1545 309 possit,
1560 275 1635 298 non

53 329 200 370 propter
219 321 291 355 hoc
314 320 493 366 posterius
515 327 737 361 removetur,
766 330 840 353 uno
870 319 1033 364 priorum
1062 325 1226 352 remoto:
1259 317 1363 360 sicut,
1395 317 1424 351 si
1453 317 1635 352 induratio

11 383 15 401 ⁸
52 375 166 424 possit
185 374 263 409 fieri
284 383 319 409 et
341 386 361 408 a
384 373 516 416 calido,
539 382 575 408 et
599 372 731 419 frigido
755 374 859 418 (nam
889 371 1020 406 lateres
1051 371 1266 405 indurantur
1294 371 1336 405 ab
1364 371 1461 418 igne,
1484 380 1519 406 et
1541 383 1634 418 aqua

0 426 244 476 congelata
257 428 445 463 mduratur
460 439 502 462 ex
516 427 668 474 frigore)
691 438 766 461 non
789 434 944 473 oportet,
965 425 1074 472 quod,
1089 433 1234 460 remoto
1251 424 1385 467 calore,
1401 434 1636 460 removeatur

49 483 248 519 induratio:
271 482 438 517 executio
461 490 583 516 autem
606 481 725 528 operis
747 492 822 515 non
845 480 966 514 solum
986 480 1147 526 sequitur
1166 491 1207 514 ex
1228 491 1422 522 consensu,
1442 479 1505 515 sed
1525 480 1635 516 etiarn

51 548 94 573 ex
113 537 322 584 impetuoso
345 535 517 583 appetitu,
540 535 656 583 qualis
679 543 732 569 est
753 535 790 569 in
813 535 926 569 brutis
951 533 1180 568 animalibus.

120 590 182 626 AD
201 601 374 626 TERTIUM
389 590 598 632 dicendum,
614 589 712 636 quod
731 589 914 631 homines,
929 589 990 635 qui
1006 600 1047 623 ex
1063 589 1232 635 passione
1249 596 1371 634 agunt,
1389 596 1541 635 possunt
1559 600 1636 635 pas-

8 659 13 663 ·
51 645 194 682 sionem
214 655 290 680 non
312 644 426 692 sequi,
449 655 524 679 non
547 651 670 679 autern
691 644 795 678 bruta
820 642 1013 686 animalia3
1037 643 1133 677 unde
1155 654 1231 677 non
1254 651 1308 678 est
1329 642 1457 677 similis
1480 643 1584 678 ratio.

3 869 24 921 ξ

7 922 18 981 f

613 799 968 845 ARTICULUS
1004 799 1084 843 ΠΙ.
1589 811 1634 858 89

3 901 7 907 ’
50 923 205 955 UTRUM
233 922 487 954 CONSENsus
512 923 581 952 srT
602 923 659 952 DE
676 923 791 962 FINE,
807 922 891 952 VEL
914 923 971 951 DE
998 921 1082 962 ms,
1106 921 1225 958 QUAE
1248 921 1362 952 SUNT
1391 920 1449 950 AD
1482 920 1631 951 FINEM.

121 1022 182 1058 AD
205 1033 380 1059 TERTIUM
408 1023 458 1058 sic
486 1022 707 1070 proceditur.
739 1022 904 1064 Videtur,
928 1021 1026 1069 quod
1049 1032 1250 1056 consensus
1280 1021 1326 1055 sit
1358 1020 1403 1054 de
1433 1019 1521 1056 fine:
1549 1019 1634 1066 quia

19 1107 22 1118 ἶ
49 1085 197 1125 propter
215 1077 313 1124 quod
332 1077 632 1125 unumquodque,
653 1085 687 1112 et
705 1076 794 1111 illud
814 1077 950 1123 magis:
971 1076 1034 1111 sed
1052 1076 1121 1119 his,
1136 1087 1229 1123 quae
1249 1083 1332 1110 sunt
1351 1074 1395 1109 ad
1414 1073 1635 1117 finem‚c0n-

50 1131 227 1167 sentimus
248 1139 396 1179 propter
417 1131 546 1174 finem;
570 1143 658 1178 ergo
682 1131 744 1165 fini
767 1131 1018 1165 consentimus
1042 1130 1170 1177 magis.

121 1196 153 1220 2.
176 1186 416 1223 PRAETEREA.
438 1186 548 1220 Actio
571 1185 803 1232 intemperati
826 1193 880 1219 est
902 1184 982 1219 finis
1005 1185 1100 1230 ejus:
1121 1184 1214 1219 sicut
1236 1192 1271 1219 et
1293 1184 1389 1219 actio
1409 1183 1562 1218 virtuosi
1581 1192 1635 1219 est

48 1240 130 1275 finis
151 1241 243 1287 ejus:
266 1240 329 1275 sed
351 1240 614 1288 intemperatus
643 1239 826 1274 consentit
855 1239 891 1273 in
921 1239 1112 1286 proprium
1142 1247 1286 1282 actum;
1315 1250 1403 1285 ergo
1433 1249 1634 1274 consensus

10 1302 170 1342 potest
191 1305 270 1330 esse
292 1294 336 1329 de
358 1293 441 1329 fine.

123 1360 153 1396 3.
175 1348 414 1384 PRAETEREA.
436 1347 631 1396 Appetitus
653 1359 783 1383 eorum
805 1358 898 1395 quae
921 1355 1005 1382 sunt
1027 1347 1070 1382 ad
1093 1346 1217 1390 finem,
1237 1355 1291 1382 est
1309 1346 1453 1390 electio,
1469 1355 1507 1381 ut
1526 1358 1634 1393 supra

9 1413 24 1421 ⁴
51 1402 190 1438 dictum
212 1410 266 1438 est
286 1404 332 1449 (q.
347 1415 390 1450 13.
406 1407 470 1438 art.
486 1403 548 1450 3.),·
571 1403 601 1437 si
622 1402 732 1449 igitur
751 1412 952 1437 consensus
975 1410 1070 1437 esset
1087 1400 1210 1436 solum
1232 1401 1276 1437 de
1299 1401 1355 1436 his
1375 1413 1467 1448 quae
1487 1410 1570 1436 sunt
1588 1401 1632 1435 ad

48 1457 172 1500 finem,
193 1457 231 1492 in
252 1456 354 1492 nullo
378 1457 420 1492 ab
444 1457 624 1492 electione
651 1456 794 1491 differre
821 1456 1015 1499 videretur,
1043 1456 1141 1503 quod
1168 1464 1268 1503 patet
1298 1467 1376 1491 esse
1406 1455 1540 1490 falsum
1567 1467 1632 1501 per

0 1542 1 1560 χ
48 1511 223 1546 Damasc.
257 1511 320 1559 qui
352 1511 439 1546 dicit
469 1511 544 1556 (lib.
573 1524 603 1547 2.
635 1512 731 1547 Orth.
759 1511 834 1546 Fid.
866 1517 940 1558 cap.
974 1512 1060 1557 22.),
1096 1510 1194 1558 quod
1228 1519 1312 1558 post
1346 1510 1631 1557 disputationem

0 1562 2 1602 ἱ
52 1565 114 1613 [al.
137 1566 391 1613 affectationem,
407 1574 443 1601 et
457 1565 501 1600 al.
520 1565 739 1613 affectionem]
761 1577 872 1613 quam
890 1573 1089 1600 vocaverat
1105 1566 1312 1608 sententiam,
1328 1565 1366 1599 fit
1385 1564 1536 1608 electi03
1555 1576 1631 1599 non

20 1631 22 1639 ·
49 1631 138 1668 ergo
162 1631 364 1656 consensus
386 1629 440 1656 est
461 1619 583 1656 solum
606 1620 650 1655 de
671 1620 728 1655 his
750 1631 844 1667 quae
866 1628 949 1655 sunt
971 1619 1015 1654 ad
1037 1619 1160 1654 finem.

120 1674 196 1711 SED
219 1685 376 1711 CONTRA
397 1683 462 1718 est,
483 1674 581 1722 quod
602 1675 776 1709 Damasc.
794 1674 930 1709 ibidem
952 1674 1050 1717 dicit,
1073 1673 1170 1721 quod
1191 1686 1298 1709 sensus
1324 1673 1416 1719 (sive
1438 1674 1633 1719 sententia)

48 1736 113 1772 est,
134 1729 281 1777 quando
302 1729 418 1764 homo
441 1729 611 1776 disponit,
627 1737 662 1764 et
676 1737 786 1772 amat,
809 1728 907 1775 quod
923 1740 966 1763 ex
981 1728 1136 1763 consilio
1150 1728 1353 1775 judicatum
1371 1736 1443 1764 est:
1466 1728 1528 1763 sed
1552 1739 1636 1763 con-

47 1782 170 1819 silium
190 1795 267 1819 non
288 1791 342 1819 est
362 1784 431 1819 nisi
452 1783 496 1819 de
515 1783 572 1819 his
593 1795 686 1830 quae
708 1791 792 1818 sunt
813 1783 858 1817 ad
880 1783 1009 1826 finem3
1032 1794 1120 1829 ergo
1143 1794 1210 1817 nec
1234 1794 1446 1817 consensus.

116 1837 351 1874 RESPONDEO
374 1837 580 1882 dicendum,
603 1837 701 1885 quod
725 1849 925 1872 consensus
947 1837 1117 1872 nominat
1138 1836 1424 1884 applicationem
1449 1836 1636 1884 appetitivi

46 1899 169 1928 motus
189 1892 235 1928 ad
254 1891 390 1940 aliquid
410 1892 656 1940 praeexistens
677 1892 714 1926 in
735 1900 915 1939 potestate
930 1891 1162 1939 applicantis:
1178 1892 1215 1926 in
1234 1891 1361 1926 ordine
1384 1899 1507 1926 autern
1528 1891 1637 1938 agibi-

17 1944 138 1982 tilium
158 1948 274 1994 primo
296 1946 445 1994 quidem
471 1954 616 1993 oportet
642 1958 786 1981 sumere
814 1946 1146 1994 apprehensionem
1173 1945 1265 1988 finis,
1292 1946 1406 1981 deinde
1433 1946 1635 1993 appetitum

47 1999 140 2043 finis,
161 2000 275 2036 deinde
296 2000 492 2036 consilium
520 2001 564 2036 de
592 2001 648 2036 his
678 2012 770 2048 quae
793 2009 876 2036 sunt
905 2000 948 2035 ad
980 2000 1103 2043 finem,
1131 2000 1247 2035 deinde
1277 2001 1477 2047 appetitum
1505 2011 1635 2035 eorum

30 2063 142 2109 quae
171 2063 255 2090 sunt
284 2055 329 2090 ad
358 2055 491 2092 finem:
519 2055 698 2103 appetitus
728 2063 850 2090 autem
873 2055 909 2089 in
931 2055 1102 2089 ultimum
1129 2054 1241 2089 finem
1271 2055 1386 2089 tendit
1411 2054 1636 2098 naturaliter,

30 2102 143 2144 unde
157 2117 192 2144 et
205 2108 400 2156 applicatio
422 2118 545 2145 motus
561 2109 747 2157 appetitivi
761 2109 797 2143 in
813 2109 923 2144 finem
947 2110 1217 2156 apprehensum
1231 2121 1308 2144 non
1321 2109 1432 2144 habet
1452 2110 1635 2144 rationem

48 2174 260 2207 consensus,
289 2164 352 2199 sed
373 2163 549 2211 simplicis
571 2163 780 2199 voluntatis.
805 2163 912 2205 Quae
936 2172 1058 2199 autem
1080 2172 1164 2199 sunt
1189 2163 1250 2210 [al.
1273 2165 1327 2199 De
1355 2164 1403 2199 his
1424 2170 1533 2199 autem
1553 2176 1635 2211 qua

33 2218 136 2288 sunt]
158 2226 242 2266 post
261 2217 433 2253 ultimum
454 2218 577 2262 finem,
599 2219 816 2266 inquantum
838 2226 921 2253 sunt
943 2218 987 2252 ad
1009 2218 1132 2261 finem,
1152 2219 1216 2253 sub
1245 2218 1401 2253 consilio
1425 2218 1577 2262 cadunt3
1601 2228 1635 2254 et

33 2264 100 2308 sic
121 2280 241 2320 potest
261 2283 340 2308 esse
363 2272 407 2308 de
429 2273 480 2308 eis
504 2284 716 2315 consensus,
737 2272 955 2320 inquantum
973 2281 1096 2308 motus
1119 2273 1292 2320 appetitiv
1295 2285 1336 2307 us
1359 2273 1561 2320 applicatur
1591 2273 1634 2307 ad

35 2318 97 2389 id,
123 2326 223 2374 quod
250 2337 294 2362 ex
326 2326 482 2362 consilio
509 2327 711 2374 judicatum
741 2335 810 2361 est:
841 2335 964 2362 motus
993 2338 1081 2361 vero
1117 2327 1289 2374 appetitiv
1293 2339 1333 2362 us
1361 2327 1397 2362 in
1424 2327 1534 2362 finem
1561 2339 1636 2362 non

37 2367 251 2438 ,applicatur
269 2380 437 2424 consilio,
456 2381 518 2416 sed
533 2381 652 2428 magis
668 2381 886 2416 consilium
878 2381 963 2428 ipsi3
986 2382 1070 2428 quia
1090 2381 1285 2416 consilium
1303 2382 1565 2429 praesupponit
1578 2394 1636 2429 ap-

42 2429 203 2483 'petitum
224 2434 328 2470 finis:
350 2435 414 2471 sed
437 2435 615 2483 appetitus
638 2446 767 2470 eorum
790 2447 882 2483 quae
908 2444 993 2471 sunt
1019 2436 1063 2470 ad
1086 2436 1209 2479 finem,
1236 2437 1510 2484 praesupponit'
1524 2437 1636 2471 deter-

44 2489 289 2530 minationem
311 2489 466 2525 consilii.

59 2545 65 2564 ·'
117 2543 163 2578 Et
186 2544 270 2579 ideo
297 2544 494 2593 applicatio
522 2544 707 2592 appetitivi
730 2553 852 2580 motus
875 2545 919 2580 ad
943 2545 1289 2580 determinationem
1318 2545 1460 2580 consilii
1489 2545 1634 2592 proprie

43 2596 105 2634 ξεῖ.
117 2609 329 2642 εοηςεη3υ3,
348 2599 456 2641 unde,
472 2610 556 2634 cum
572 2598 766 2633 consilium
781 2611 856 2633 non
871 2600 916 2634 sit
930 2600 997 2633 nisi
1015 2600 1057 2634 de
1072 2600 1128 2635 his
1144 2612 1236 2646 quae
1251 2609 1333 2635 sunt
1348 2601 1391 2634 ad
1411 2600 1533 2642 finem,
1553 2612 1637 2634 con-

43 2643 186 2696 Census,
207 2653 352 2701 proprie
373 2653 573 2701 loquendo,
595 2665 669 2688 non
693 2663 746 2689 est
767 2655 833 2689 nisi
858 2654 901 2689 de
923 2655 991 2696 his,
1011 2667 1104 2701 quae
1127 2664 1210 2690 sunt
1233 2656 1276 2689 1d
1300 2655 1421 2689 finem.

54 2704 76 2727 ¹¹
120 2707 181 2743 AD
198 2718 349 2744 PRIMUM
367 2719 456 2755 ergo
478 2708 686 2751 dicendum,
701 2709 799 2756 quod
815 2709 908 2744 sicut
923 2709 1179 2744 conclusiones
1203 2711 1338 2744 scimus
1360 2721 1423 2756 per
1445 2709 1633 2756 principia,

46 2756 182 2796 Rerum
202 2770 326 2797 tamen
353 2774 428 2798 non
451 2771 504 2798 est
526 2762 688 2805 scientia,
715 2763 777 2798 sed
805 2763 903 2810 quod
931 2765 1048 2810 majus
1077 2772 1141 2807 est,
1173 2764 1312 2798 scilicet
1339 2763 1560 2798 intellectus:
1584 2763 1633 2797 ita

50 2815 298 2853 consentimus
320 2816 376 2851 his
397 2828 490 2864 quae
513 2825 596 2851 sunt
610 2817 654 2851 ad
670 2817 780 2851 finem
802 2825 949 2864 propter
964 2817 1094 2861 finem3
1118 2819 1219 2865 cujus
1235 2827 1358 2853 tamen
1380 2829 1455 2852 non
1475 2825 1529 2852 est
1550 2829 1619 2852 con

31 2867 189 2913 sensus,
209 2870 273 2906 sed
294 2870 393 2918 quod
415 2871 533 2918 majus
555 2879 620 2915 est,
642 2871 780 2907 scilicet
802 2871 982 2907 voluntas.
