1955 3182
299 207 356 248 26
769 216 990 251 QUAESTIO
1025 216 1051 245 Ι.
1086 215 1330 246 ARTICULUS
1362 217 1402 246 V.

369 298 428 331 AD
451 307 656 332 SECUNDUM
671 297 877 339 dicendum,
897 297 993 342 quod
1009 297 1074 331 etsi
1093 296 1193 342 plura
1210 296 1324 342 accipi
1345 305 1506 343 possunt,
1529 309 1620 343 quae
1636 297 1679 331 ad
1698 297 1856 331 invicem

299 350 567 397 oppositionem
589 361 661 383 non
684 350 858 384 habeant:
874 358 997 384 tamen
1019 350 1116 383 bono
1132 349 1292 395 perfecto
1315 350 1520 396 opponitur,
1539 350 1635 396 quod
1657 351 1701 385 sit
1723 350 1856 396 aliquid

300 404 342 437 de
364 403 583 449 perfectione
605 403 656 436 rei
679 410 775 436 extra
798 403 915 448 ipsam
938 402 998 447 [al.
1020 403 1154 449 {snum}

370 457 430 490 AD
465 467 635 490 TERTIUM
669 456 874 497 dicendum,
903 456 999 501 quod
1033 463 1190 502 potestas
1220 455 1416 491 voluntatis
1441 468 1517 490 non
1542 456 1661 499 habet,
1687 464 1726 490 ut
1750 455 1860 490 faciat

299 510 464 556 Opposita
486 521 563 544 esse
586 509 709 543 simul:
733 509 830 555 quod
858 510 1094 554 contingeret,
1122 510 1151 543 si
1177 510 1340 544 tenderet
1365 511 1402 544 in
1423 510 1524 556 plura
1551 510 1740 556 disparata,
1767 509 1859 544 sicut

299 564 335 597 in
358 563 505 597 ultimos
527 562 626 604 fines,
649 570 685 596 ut
709 574 750 596 ex
772 562 875 596 dictis
897 570 994 608 patet
1018 562 1066 607 (in
1089 564 1206 609 corp).

843 705 1188 750 ARTICULUS
1222 706 1300 749 VI.
1838 715 1859 751 6

300 814 452 844 UTRUM
479 812 608 842 HOMO
636 813 789 853 OMNIA,
817 814 935 849 QUAE
956 815 1089 855 VULT,
1109 815 1240 845 VELIT
1264 815 1461 846 PROPTER
1484 815 1690 846 ULTIMUM
1710 815 1856 846 FINEM.

513 901 614 948 (Insr.
638 913 667 947 q.
691 902 747 937 60.
772 910 835 937 att
858 915 888 938 2.
913 910 1001 950 corp
1025 908 1104 948 et4.
1127 904 1214 938 Dist.
1239 914 1296 950 49.
1319 915 1349 948 q.
1372 915 1399 938 I.
1422 908 1487 938 art.
1506 915 1534 950 3.
1557 915 1587 949 q.
1607 914 1640 948 4.

813 961 840 990 et
862 957 964 991 lzlnr.
990 956 1157 1002 C0nt1.g.
1181 962 1251 1002 cap.
1272 956 1357 1003 90).

370 1044 430 1079 AD
452 1054 604 1078 SEXTUM
626 1044 675 1078 sic
698 1046 914 1090 proceditur.
937 1045 1099 1087 Videtur,
1127 1045 1223 1091 quod
1249 1057 1324 1079 non
1351 1046 1486 1088 omnia,
1509 1056 1760 1092 quaecumque
1784 1044 1863 1079 vult

298 1097 425 1139 homo,
447 1105 592 1143 propter
613 1097 783 1131 ultimum
805 1098 914 1132 finem
940 1098 1045 1134 velit:
1073 1110 1115 1133 ea
1137 1099 1246 1141 enim,
1269 1110 1360 1145 quae
1389 1100 1431 1133 ad
1451 1098 1561 1133 finem
1582 1099 1752 1133 ultimum
1773 1099 1865 1133 ordi-

300 1159 441 1192 nantur,
464 1150 599 1184 seriosa
622 1151 798 1195 dicuntur,
814 1152 917 1198 quasi
932 1152 1050 1186 utilia:
1074 1152 1136 1186 sed
1158 1153 1284 1198 jocosa
1307 1164 1326 1186 a
1348 1152 1448 1186 seriis
1471 1152 1754 1198 distinguuntur,
1777 1163 1864 1198 ergo

301 1216 354 1246 ea,
376 1215 467 1250 quae
488 1204 602 1238 homo
620 1205 745 1249 jocose
769 1206 852 1251 agit,
872 1217 945 1239 non
969 1206 1113 1240 ordinat
1132 1206 1169 1240 in
1192 1206 1363 1240 ultimum
1384 1206 1505 1240 finem.

372 1268 402 1291 2.
425 1257 661 1292 PRAETEREA.
684 1258 821 1292 Philos.
845 1259 931 1293 dicit
948 1259 984 1293 in
1011 1260 1124 1305 princ.
1147 1260 1350 1306 Metaphys.
1380 1259 1466 1306 (cap.
1489 1271 1519 1294 2.
1541 1260 1577 1293 in
1597 1259 1740 1306 princ),
1768 1259 1865 1305 quod

299 1313 452 1346 scientiae
477 1311 695 1356 speculativae
716 1317 855 1358 propter
880 1314 999 1359 seipsas
1025 1318 1252 1358 quaerzmtm‘:
1280 1324 1346 1347 nec
1374 1320 1495 1347 tamen
1521 1320 1640 1359 potest
1666 1312 1747 1355 dici,
1770 1312 1866 1358 quod

301 1365 482 1411 quaelibet
493 1376 617 1398 earum
631 1365 675 1398 sit
693 1364 839 1399 ultimus
854 1365 951 1409 finis,
968 1377 1054 1412 ergo
1076 1378 1150 1400 non
1170 1366 1305 1409 onmia,
1327 1377 1420 1412 quae
1433 1366 1548 1400 homo
1568 1365 1714 1412 appetit,
1733 1366 1868 1412 appetit

302 1427 447 1465 propter
469 1419 638 1453 ultimum
659 1418 781 1453 finem.

376 1484 405 1518 3.
427 1473 663 1508 PRAETEREA.
686 1471 918 1519 Quicumque
942 1473 1084 1507 ordinat
1103 1472 1237 1519 aliquid
1259 1473 1296 1507 in
1318 1472 1441 1515 finem,
1463 1473 1601 1518 cogitat
1626 1472 1670 1507 de
1690 1471 1754 1507 illo
1776 1472 1867 1507 fine:

302 1525 363 1559 sed
384 1537 459 1560 non
481 1537 623 1572 semper
641 1525 755 1559 homo
779 1527 916 1572 cogitat
937 1527 980 1560 de
1008 1526 1137 1561 ultimo
1159 1526 1229 1561 fine
1256 1527 1292 1560 in
1315 1527 1416 1560 omni
1439 1538 1494 1569 eo,
1522 1526 1619 1572 quod
1641 1526 1786 1573 appetit,
1808 1534 1869 1560 aut

302 1578 404 1622 facit;
426 1591 501 1614 non
523 1591 610 1625 ergo
631 1579 754 1613 omnia
776 1579 891 1613 homo
915 1580 1059 1626 appetit,
1083 1588 1143 1614 aut
1164 1579 1249 1614 facit
1270 1588 1416 1626 propter
1438 1579 1608 1614 ultimum
1625 1579 1748 1614 finem

373 1633 448 1668 SED
471 1644 624 1668 CONTRA
648 1640 711 1674 est,
734 1633 830 1679 quod
854 1633 939 1667 dicit
953 1634 1107 1680 August.
1128 1645 1179 1680 19.
1203 1634 1246 1667 de
1262 1633 1342 1668 Civ.
1361 1633 1433 1667 Dei
1451 1635 1538 1680 (cap.
1553 1646 1581 1668 r.
1597 1645 1618 1668 a
1632 1634 1742 1680 prin.)
1756 1646 1765 1668 :
1779 1632 1869 1668 Illud

306 1691 350 1721 est
363 1687 437 1730 finis
460 1688 537 1721 boni
558 1688 670 1727 nostri,
685 1691 824 1732 propter
846 1687 931 1732 quod
953 1692 1110 1721 amantur
1132 1692 1270 1730 caetera,
1293 1686 1375 1721 illud
1397 1691 1505 1721 autem
1527 1691 1667 1734 propter
1683 1688 1832 1733 seipsum.

374 1740 602 1775 RESPONDEO
622 1740 829 1782 dicendum,
845 1741 941 1786 quod
960 1752 1108 1775 necesse
1124 1748 1187 1782 est,
1210 1740 1307 1786 quod
1322 1740 1457 1782 omnia,
1477 1751 1568 1786 quae
1589 1740 1705 1775 homo
1724 1740 1869 1787 appetit,

303 1802 446 1840 appetat
467 1802 612 1840 propter
634 1793 804 1827 ultimum
826 1793 956 1836 finem;
980 1802 1014 1828 et
1035 1795 1105 1828 hoc
1130 1802 1280 1840 apparet
1300 1794 1425 1840 duplici
1445 1794 1598 1828 ratione.

372 1848 489 1882 Primo
513 1847 670 1894 quidem,
687 1847 769 1893 quia
785 1847 957 1893 quidquid
973 1848 1087 1882 homo
1104 1848 1249 1894 appetit,
1268 1848 1402 1894 appetit
1415 1847 1479 1882 sub
1494 1847 1634 1882 ratione
1653 1847 1759 1891 boni;
1775 1847 1872 1894 quod

303 1901 448 1947 quidem
466 1901 495 1935 si
516 1912 590 1934 non
607 1901 785 1947 appetitur
806 1909 844 1935 ut
864 1901 1004 1935 bonum
1021 1900 1234 1948 perfectum,
1258 1901 1354 1947 quod
1370 1909 1423 1935 est
1443 1900 1590 1935 ultimus
1609 1901 1700 1944 finis,
1721 1912 1870 1935 necesse

304 1962 356 1989 est
377 1962 414 1988 ut
435 1962 622 2001 appetatur
644 1962 681 1988 ut
702 1955 852 1989 tendens
874 1955 909 1988 in
924 1955 1064 1989 bonum
1085 1955 1308 2001 perfectum:
1332 1955 1416 2002 quia
1438 1966 1582 2002 semper
1602 1955 1790 1990 inchoatio
1813 1955 1874 1989 ali-

303 2009 403 2053 cujus
426 2009 611 2042 ordinatur
633 2008 675 2042 ad
699 2009 1057 2043 consummationem
1076 2009 1204 2055 ipsius:
1220 2009 1313 2043 sicut
1330 2016 1427 2055 patet
1445 2016 1520 2043 tarn
1535 2009 1571 2042 in
1589 2009 1657 2052 his,
1675 2020 1767 2055 quae
1782 2009 1872 2043 fiunt

304 2073 323 2095 a
344 2069 482 2103 natura,
504 2073 614 2107 quam
630 2062 664 2095 in
687 2062 754 2104 his,
774 2074 865 2108 quae
888 2062 976 2096 fiunt
999 2063 1040 2096 ab
1062 2070 1155 2097 arte:
1172 2070 1206 2096 et
1226 2063 1275 2096 ita
1291 2062 1410 2097 omnis
1432 2062 1619 2096 inchoatio
1639 2062 1871 2108 perfectionis

304 2115 489 2149 ordinatur
510 2116 545 2149 in
568 2115 829 2162 perfectionem
852 2124 1158 2158 consummatam,
1181 2127 1271 2162 quae
1288 2124 1341 2150 est
1361 2127 1425 2162 per
1442 2115 1612 2150 ultimum
1634 2115 1756 2150 finem.
1866 2121 1870 2125 ‘

372 2170 531 2212 Secundo,
559 2170 641 2216 quia
668 2169 815 2204 ultimus
842 2169 921 2204 finis
948 2170 1019 2204 hoc
1048 2170 1160 2204 modo
1188 2181 1224 2204 se
1251 2170 1360 2204 habet
1385 2170 1421 2203 in
1449 2169 1633 2204 movendo
1656 2169 1871 2216 appetitum,

305 2224 396 2258 sicut
417 2235 454 2257 se
476 2224 584 2257 habet
610 2224 646 2256 in
675 2223 751 2257 aliis
779 2224 1001 2257 motionibus
1029 2224 1187 2269 primum
1215 2234 1379 2259 movens.
1402 2222 1634 2257 Manifestum
1660 2231 1713 2257 est
1738 2231 1871 2266 autem,

304 2277 400 2323 quod
424 2288 552 2311 causae
574 2276 753 2311 secundae
776 2285 963 2311 moventes
985 2288 1059 2311 non
1081 2285 1241 2319 movent,
1255 2277 1324 2311 nisi
1342 2277 1541 2311 secundum
1561 2276 1658 2323 quod
1680 2285 1872 2311 moventur

305 2343 324 2364 a
347 2331 464 2377 primo
487 2338 676 2372 movente3
700 2330 793 2364 unde
820 2331 977 2365 secunda
1005 2330 1210 2376 appetibilia
1236 2342 1310 2365 non
1338 2338 1488 2365 movent
1513 2330 1724 2377 appetitum,
1745 2331 1814 2365 nisi
1835 2330 1871 2364 in

305 2385 430 2418 ordine
453 2384 495 2418 ad
519 2384 675 2430 primum
700 2384 901 2430 appetibile,
924 2384 1019 2430 quod
1043 2392 1095 2418 est
1117 2383 1263 2418 ultimus
1285 2383 1375 2418 finis.

375 2438 435 2472 An
462 2448 610 2472 PRIMUM
637 2449 723 2483 ergo
751 2437 955 2480 dicendum,
983 2438 1079 2483 quod
1107 2438 1267 2472 actiones
1295 2437 1454 2471 ludicrae
1480 2448 1554 2472 non
1582 2437 1793 2471 ordinantur
1827 2436 1870 2471 ad

305 2490 462 2537 aliquem
485 2491 594 2524 finem
618 2491 870 2533 extrinsecum,
893 2491 954 2525 sed
977 2499 1118 2525 tantum
1141 2491 1351 2525 ordinantur
1379 2491 1421 2525 ad
1448 2491 1585 2525 bonum
1612 2491 1723 2537 ipsius
1750 2490 1872 2524 luden-

303 2545 359 2587 tis,
382 2552 488 2591 prout
510 2552 591 2578 sunt
613 2544 844 2586 delectantes,
866 2545 923 2579 vel
946 2545 1105 2590 requiem
1135 2553 1373 2590 praestantes:
1396 2545 1534 2579 bonum
1563 2552 1684 2579 autem
1706 2555 1873 2579 consum-

305 2607 443 2632 matum
465 2598 624 2632 hominis
648 2607 699 2632 est
722 2598 869 2644 ultimus
892 2598 970 2632 finis
994 2599 1079 2644 ejus.

376 2651 419 2685 Et
440 2651 605 2686 similiter
627 2652 819 2685 dicendum
838 2663 888 2686 AD
911 2662 1117 2686 SECUNDUM
1145 2652 1188 2686 de
1215 2652 1364 2686 scientia
1386 2651 1619 2698 speculativa,
1646 2663 1738 2698 quae
1767 2663 1873 2698 appe-

303 2705 387 2739 titur
409 2713 446 2739 ut
467 2705 604 2739 bonum
628 2705 810 2751 quoddam
834 2705 1064 2751 speculantis,
1092 2706 1187 2752 quod
1216 2706 1536 2752 comprehenditur
1563 2706 1626 2741 sub
1653 2706 1751 2740 bono
1774 2717 1872 2741 corn-

304 2759 412 2805 pleto,
435 2767 469 2793 et
491 2758 661 2805 perfecto,
684 2759 780 2805 quod
803 2768 856 2793 est
877 2759 1023 2793 ultimus
1046 2759 1135 2793 finis.

376 2813 435 2847 An
460 2824 630 2848 TERTIUM
653 2813 858 2855 dicendum,
887 2814 983 2859 quod
1012 2825 1084 2847 non
1113 2822 1268 2860 oportet,
1297 2822 1333 2848 ut
1359 2825 1502 2861 semper
1521 2814 1648 2861 aliquis
1670 2813 1805 2859 cogitet
1827 2814 1869 2848 de

306 2866 433 2900 ultimo
457 2866 537 2908 fine,
560 2867 864 2913 quandocumque
887 2867 1018 2913 aliquid
1048 2868 1191 2914 appetit,
1219 2868 1276 2902 vel
1305 2876 1492 2914 operatur:
1516 2868 1577 2903 sed
1598 2867 1709 2902 virtus
1732 2867 1868 2914 primae

306 2919 524 2963 intentionis,
548 2933 638 2967 quae
661 2929 713 2955 est
735 2929 897 2967 respectu
921 2920 1038 2955 ultimi
1065 2920 1154 2964 finis,
1183 2930 1304 2956 manet
1326 2922 1359 2955 in
1383 2921 1544 2968 quolibet
1571 2921 1728 2968 appetitu
1756 2921 1869 2966 cujus-
