1907 3198
502 162 725 198 QUAESTIO
759 161 924 191 XXXVII.
960 161 1208 192 ARTICULUS
1242 161 1300 191 IV.
1606 148 1688 205 283

113 245 211 294 quod
234 246 394 293 cupitur:
418 245 495 293 ipsa
518 246 629 280 etiam
650 245 794 281 tristitia
815 245 1036 292 quandoque
1058 245 1240 280 rationem
1259 243 1395 287 aufert3
1417 243 1510 279 sicut
1531 251 1630 291 patet
1654 244 1692 278 in

111 301 179 344 his,
202 300 263 348 qui
283 308 431 347 propter
452 299 620 335 dolorem
642 300 679 334 in
701 299 1001 342 melancholiam,
1023 299 1082 334 vel
1103 299 1140 334 in
1162 299 1326 333 maniam
1343 298 1520 333 incidunt.

553 560 913 622 QUAESTIO
954 559 1243 607 XXXVIII.

373 684 438 716 DE
476 684 707 717 REMEDIIS
745 685 1027 724 TRISTITIAE,
1070 684 1159 716 SEU
1198 684 1419 723 DOLORIS,

492 756 546 788 IN
572 756 793 798 QUINQUE
822 756 1089 789 ARTICULOS
1115 756 1293 788 DIVISA.

180 891 323 928 Deinde
346 892 654 928 considerandum
676 901 730 928 est
750 893 794 929 de
816 894 988 929 remediis
1010 893 1161 936 doloris,
1183 904 1247 929 seu
1272 893 1448 930 tristitiae.

583 985 628 1019 Et
649 985 740 1020 circa
754 984 813 1020 hoc
835 990 1043 1032 quaeruntur
1064 986 1220 1032 quinque.

180 1056 317 1092 Primo.
340 1055 474 1092 Utrum
497 1055 614 1098 dolor,
637 1056 696 1092 vel
717 1057 860 1092 tristitia
881 1057 1068 1104 mitigetur
1090 1069 1154 1104 per
1172 1057 1374 1104 quamlibet
1395 1057 1691 1093 delectationem.

182 1111 364 1146 Secundo.
386 1110 520 1145 Utrum
543 1111 729 1157 mitigetur
751 1123 814 1158 per
834 1111 973 1146 fletum.

182 1165 321 1200 Tertio.
344 1164 477 1199 Utrum
499 1176 563 1211 per
585 1166 884 1212 compassionem
907 1167 1124 1201 amicorum.

182 1219 337 1261 Quarto.
359 1218 493 1254 Utrum
514 1230 578 1265 per
600 1220 953 1266 contemplationem
974 1221 1147 1256 veritatis.

181 1273 333 1315 Quinto.
357 1272 494 1308 Utrum
515 1284 580 1320 per
601 1285 788 1317 somnum,
811 1282 847 1309 et
867 1274 1010 1310 balnea.

681 1406 1030 1453 ARTICULUS
1067 1407 1100 1451 I.
1619 1431 1687 1464 214

379 1515 534 1547 UTRUM
562 1516 730 1557 DOLOR,
763 1517 848 1546 VEL
882 1517 1106 1548 TRISTITIA
1134 1517 1381 1548 MITIGETUR

497 1584 579 1614 PER
607 1583 866 1620 QUAMLIBET
895 1584 1293 1615 DELECTATIONEM.

102 1669 219 1718 (Supr.
231 1682 261 1718 q.
273 1682 318 1718 35.
333 1676 398 1707 art.
413 1682 447 1717 4.
462 1671 506 1707 ad
519 1683 550 1707 2.
566 1677 632 1719 et3.
648 1677 678 1708 et
692 1673 772 1719 infr.
788 1678 854 1708 art.
869 1684 903 1718 4.
919 1679 1008 1720 corp.
1024 1678 1052 1708 et
1066 1678 1129 1708 art.
1141 1684 1169 1720 5.
1182 1679 1247 1720 per
1261 1677 1316 1708 tot.
1332 1677 1360 1708 et
1378 1684 1408 1719 q.
1423 1673 1479 1718 48.
1496 1677 1560 1708 art.
1575 1685 1602 1708 I.
1618 1677 1685 1720 et3.

564 1739 594 1774 q.
613 1727 671 1772 46.
694 1732 758 1762 art.
781 1728 813 1763 8.
836 1727 879 1762 ad
900 1739 931 1763 2.
954 1733 982 1762 et
1000 1740 1028 1763 1.
1054 1728 1133 1763 Cor.
1157 1727 1218 1774 7.).

171 1815 232 1850 AD
254 1826 406 1852 PRIMUM
428 1816 479 1851 sic
495 1817 714 1863 proceditur.
730 1816 894 1860 Videtur,
910 1817 1008 1864 quod
1029 1829 1106 1852 non
1128 1817 1312 1864 quaelibet
1333 1817 1528 1852 delectatio
1544 1817 1688 1864 mitiget

99 1869 300 1916 quemlibet
318 1869 498 1913 dolorem,
513 1882 577 1906 seu
593 1872 795 1906 tristitiam:
818 1884 894 1906 non
910 1873 1009 1906 enim
1032 1872 1226 1907 delectatio
1243 1872 1426 1907 tristitiam
1449 1873 1602 1919 mitigat,
1618 1873 1687 1907 nisi

98 1924 317 1971 inquantum
335 1925 369 1959 ei
391 1926 651 1961 contrariatur:
674 1926 880 1961 medicinae
903 1927 1002 1960 enim
1024 1926 1115 1961 fiunt
1132 1939 1196 1974 per
1219 1927 1413 1969 contraria,
1436 1935 1475 1961 ut
1496 1927 1628 1961 dicitur
1649 1927 1686 1960 in

99 1988 131 2012 2.
153 1978 316 2014 Ethicor.
346 1979 436 2026 (cap.
455 1980 502 2027 3.)
512 1993 522 2015 .·
545 1981 609 2015 sed
632 1991 707 2015 non
729 1980 912 2027 quaelibet
934 1980 1129 2015 delectatio
1150 1982 1390 2015 contrariatur
1413 1981 1561 2015 cuilibet
1581 1981 1688 2015 tristi—

97 2032 181 2076 tiae,
203 2040 242 2068 ut
263 2044 372 2080 supra
394 2034 534 2068 dictum
549 2042 604 2069 est
619 2035 722 2081 (q.35.
736 2040 800 2070 art.
814 2036 889 2080 4.),·
913 2047 1002 2081 ergo
1024 2047 1099 2070 non
1123 2035 1306 2082 quaelibet
1327 2035 1522 2070 delectatio
1542 2035 1687 2082 mitigat

98 2086 300 2134 quamlibet
319 2087 514 2122 tristitiam.

169 2152 202 2176 2.
224 2141 464 2178 PRAETEREA.
492 2142 598 2185 Illud,
621 2143 719 2189 quod
747 2151 873 2178 causat
898 2143 1094 2187 tristitiam,
1120 2155 1195 2178 non
1223 2144 1367 2190 mitigat
1392 2144 1592 2178 tristitiam:
1620 2143 1684 2179 sed

99 2195 242 2242 aliquae
264 2195 527 2232 delectationes
550 2205 702 2232 causant
723 2198 925 2232 tristitiam:
955 2200 1050 2244 quia,
1074 2207 1112 2233 ut
1134 2198 1265 2233 dicitur
1286 2199 1322 2232 in
1345 2210 1377 2246 9.
1397 2199 1515 2232 Ethic.
1538 2199 1628 2245 (cap.
1650 2210 1682 2243 4.

99 2251 160 2285 cir.
167 2252 262 2298 fin.),
295 2252 403 2287 malus
425 2253 589 2294 tristatur,
613 2253 771 2298 quoniam
787 2253 962 2288 delectatus
983 2258 1046 2295 ατη·
1071 2265 1146 2288 non
1161 2265 1250 2299 ergo
1266 2253 1387 2287 omnis
1402 2252 1598 2288 delectatio
1620 2253 1686 2286 mi-

99 2305 190 2351 tigat
209 2305 405 2354 tristitiam.
1724 2354 1726 2356 ,

173 2371 204 2406 3.
226 2359 466 2395 PRAETEREA.
481 2360 578 2407 Aug.
601 2361 688 2395 dicit
710 2361 746 2395 in
768 2371 801 2404 4.
825 2361 975 2396 Confes.
1001 2362 1091 2409 (cap.
1107 2373 1136 2409 7.
1154 2363 1187 2396 in
1201 2362 1281 2408 fin.)
1306 2361 1404 2408 quod
1427 2362 1502 2409 ipse
1524 2361 1618 2407 fugit
1639 2360 1683 2394 de

97 2415 225 2460 patria,
247 2415 284 2449 in
306 2427 377 2462 qua
404 2416 615 2450 conversari
641 2415 770 2450 solitus
798 2425 874 2451 erat
896 2428 981 2451 cum
1004 2417 1126 2451 amico
1145 2418 1220 2463 jam
1239 2426 1406 2451 mortuo:
1436 2417 1556 2451 minus
1584 2416 1683 2451 enini

97 2479 182 2503 eum
198 2469 423 2516 quaerebant
441 2469 540 2504 oculi
561 2471 650 2515 ejus,
666 2470 727 2504 ubi
741 2481 826 2504 eum
840 2471 963 2506 videre
978 2482 1053 2505 non
1068 2471 1246 2506 solebant.
1261 2471 1314 2505 Ex
1328 2483 1401 2517 quo
1417 2471 1533 2518 accipi
1551 2478 1682 2516 potest,

98 2523 197 2570 quod
222 2522 297 2566 illa,
318 2523 355 2558 in
379 2524 509 2570 quibus
529 2524 636 2558 nobis
656 2524 766 2558 amici
788 2525 934 2567 mortui,
956 2525 1015 2560 vel
1037 2525 1203 2560 absentes
1226 2525 1608 2567 communicaverunt,
1636 2524 1683 2560 ef-

98 2576 269 2611 ficiuntur
288 2577 395 2613 nobis
418 2578 462 2612 de
485 2589 612 2612 eorum
629 2586 759 2621 morte,
775 2579 834 2613 vel
848 2580 1010 2614 absentia
1025 2579 1233 2614 dolentibus
1248 2591 1421 2614 onerosa:
1442 2580 1505 2614 sed
1521 2579 1681 2614 maxime

97 2631 467 2666 communicaverunt
481 2632 587 2666 nobis
603 2632 637 2666 in
648 2631 969 2676 delectationibu33
985 2645 1073 2679 ergo
1089 2634 1188 2679 ipsae
1198 2633 1460 2668 delectationes
1476 2633 1682 2668 efficiuntur

95 2684 200 2720 nobis
223 2685 430 2721 dolentibus
453 2697 651 2721 onerosae:
674 2698 749 2721 non
773 2698 860 2734 ergo
883 2688 1066 2734 quaelibet
1087 2687 1282 2723 delectatio
1310 2689 1454 2734 mitigat
1480 2688 1682 2735 quamlibet

94 2739 289 2774 tristitiam.

169 2792 245 2828 SED
267 2804 426 2829 CONTRA
448 2802 514 2837 est,
537 2794 635 2841 quod
658 2794 751 2829 Phil.
774 2795 862 2830 dicit
880 2796 916 2830 in
945 2807 976 2842 7.
1004 2796 1086 2831 Eth.
1109 2797 1200 2844 (cap.
1222 2797 1299 2842 ult.)
1327 2796 1425 2843 quod
1452 2796 1598 2842 expellit
1624 2797 1682 2832 de-

99 2844 250 2882 lectatio
271 2848 468 2891 tristitiam,
491 2856 526 2883 et
546 2859 639 2895 quae
662 2850 856 2892 contraria,
872 2858 907 2885 et
921 2862 1014 2897 quae
1037 2851 1254 2898 contingens
1282 2851 1402 2896 (idest,
1426 2850 1638 2897 quaelibet),
1653 2851 1682 2886 si

95 2899 142 2936 sit
159 2900 274 2936 fortis.
