1875 3198
246 153 332 207 784
686 166 907 201 QUAESTIO
943 166 1028 196 CIV.
1062 166 1306 196 ARTICULUS
1346 166 1375 197 1.

315 247 376 281 AD
399 257 606 282 SECUNDUM
624 247 830 289 dicendum,
852 247 949 293 quod
971 248 1062 282 ratio
1084 247 1144 282 illa
1167 247 1331 294 procedit
1356 247 1399 282 de
1421 249 1622 294 praeceptis
1643 247 1810 282 ordinan-

242 299 335 334 tibus
358 300 400 334 ad
423 302 642 346 proximum,
666 312 756 346 quae
779 301 913 335 habent
933 301 1009 334 vim
1031 301 1217 347 obligandi
1239 313 1282 335 ex
1303 300 1382 335 solo
1405 301 1601 336 dictamine
1624 301 1785 336 rationis.

313 354 372 387 AD
395 363 566 389 TERT1UM
590 355 795 396 dicendum,
818 354 915 400 quod
939 355 1048 388 etiarn
1070 354 1106 388 in
1128 355 1194 396 his,
1217 366 1309 401 quae
1329 355 1497 389 ordinant
1511 355 1554 389 ad
1568 355 1701 397 Deum,
1716 366 1811 401 quae-

242 407 318 441 dam
341 416 423 442 sunt
445 407 608 450 moralia,
632 419 723 453 quae
754 408 831 454 ipsa
865 408 956 442 ratio
990 407 1059 442 fide
1093 407 1289 442 informata
1322 408 1444 450 dictat,
1477 409 1567 443 sicut
1589 409 1710 442 Deum
1733 420 1811 443 esse

243 461 452 503 amandum,
475 470 509 496 et
531 461 745 496 colendum:
769 461 929 507 quaedam
950 473 1036 496 vero
1059 470 1142 496 sunt
1163 461 1456 505 caeremonialia,
1476 474 1567 509 quae
1584 473 1660 496 non
1677 462 1812 496 habent

242 514 316 548 vim
339 515 582 561 obligationis,
604 515 670 549 nisi
694 526 736 548 ex
758 515 981 549 institutione
1004 515 1143 550 divina:
1166 515 1210 549 ad
1231 515 1353 549 Deum
1376 523 1497 550 autem
1527 515 1709 562 pertinent
1736 527 1810 550 non

242 567 362 602 solum
384 568 560 602 sacrificia
583 567 703 602 oblata
724 568 818 610 Deo,
840 568 902 603 sed
925 568 1035 603 etiam
1057 580 1309 615 quaecumque
1325 569 1504 615 pertinent
1517 570 1560 603 ad
1574 569 1810 603 idoneitatem

243 620 485 664 offerentium,
508 630 541 656 et
562 622 683 656 Deum
707 621 925 656 colentium:
952 623 1120 657 homines
1155 623 1252 657 enim
1286 623 1497 657 ordinantur
1517 623 1554 657 in
1575 623 1698 657 Deum
1719 623 1812 657 sicut

242 675 278 709 in
300 675 430 717 finem3
453 683 488 710 et
508 675 591 709 ideo
615 675 657 709 ad
681 675 818 710 cultum
840 676 910 710 Dei
923 676 1088 722 pertinet,
1103 684 1137 710 et
1150 688 1214 722 per
1230 687 1456 722 consequens
1471 676 1515 710 ad
1531 675 1811 711 caeremonialia

242 737 444 775 praecepta,
467 729 562 775 quod
584 729 699 763 homo
721 729 853 763 habeat
875 730 1072 775 quamdam
1093 730 1331 764 idoneitatem
1351 738 1517 776 respectu
1541 729 1657 764 cultus
1680 729 1810 764 divini:

242 783 304 816 sed
325 783 439 816 homo
462 794 536 817 non
559 783 744 817 ordinatur
766 783 809 816 ad
831 784 1038 829 proximum
1060 783 1152 818 sicut
1171 783 1208 817 in
1230 783 1352 825 finem,
1386 791 1425 818 ut
1459 791 1626 830 oporteat
1659 794 1743 818 eum
1765 783 1813 817 di-

242 837 347 883 sponi
368 837 403 870 in
425 837 544 883 seipso
565 837 602 870 in
625 837 750 871 ordine
773 836 816 870 ad
838 837 1061 883 proximum:
1081 837 1171 872 haec
1192 837 1289 871 enirn
1308 845 1362 872 est
1379 837 1604 883 comparatio
1622 848 1812 872 servorum

244 891 287 925 ad
309 891 490 933 dominos,
513 891 574 937 qui
594 891 629 925 id
651 891 748 937 quod
770 899 864 933 sunt,
886 891 1121 926 dominorum
1143 899 1236 934 sunt,
1259 891 1460 926 secundum
1481 890 1574 925 Phil.
1596 891 1634 924 in
1656 901 1684 924 1.
1703 890 1811 925 Polit.

241 945 330 991 (rap.
349 957 376 992 3.
399 950 475 980 anta
496 945 612 990 med.)‚·
637 953 671 979 et
691 945 773 979 ideo
795 957 870 979 non
904 953 985 979 sunt
1019 945 1139 992 aliqua
1172 953 1364 992 praecepta
1389 944 1574 991 judicialia
1608 943 1812 978 ordinantia

241 999 432 1033 hominem
454 999 490 1033 in
511 999 649 1045 seipso3
672 999 734 1034 sed
757 999 881 1033 omnia
902 999 988 1034 talia
1009 1007 1092 1034 sunt
1113 999 1278 1042 moralia,
1302 999 1386 1045 quia
1407 998 1512 1042 ratio,
1534 1009 1627 1045 quae
1649 1006 1702 1032 est
1719 998 1812 1044 prin-

241 1053 376 1099 cipium
398 1052 606 1095 moralium,
629 1064 666 1087 se
686 1053 796 1087 habet
816 1053 852 1086 in
874 1053 1025 1087 homine
1047 1061 1213 1099 respectu
1244 1064 1383 1095 eorum,
1417 1063 1510 1099 quae
1533 1052 1576 1086 ad
1597 1045 1716 1098 ipsum
1738 1063 1814 1098 per-

239 1108 365 1149 tinent,
387 1107 479 1141 sicut
499 1106 676 1153 princeps,
697 1106 755 1141 vel
772 1106 879 1152 judex
896 1107 933 1141 in
952 1107 1114 1142 civitate:
1134 1106 1325 1141 sciendum
1342 1114 1477 1149 tamen,
1496 1105 1605 1152 quod,
1625 1107 1708 1152 quia
1723 1105 1812 1140 ordo

240 1160 400 1195 hominis
423 1160 466 1194 ad
488 1160 696 1207 proximum
717 1160 834 1206 magis
855 1161 1017 1207 subjacet
1033 1161 1177 1203 rationi,
1197 1172 1308 1207 quarn
1327 1160 1417 1195 ordo
1435 1160 1597 1194 hominis
1616 1160 1660 1194 ad
1678 1160 1812 1201 Deum,

240 1214 342 1260 plura
363 1223 555 1261 praecepta
577 1214 731 1249 moralia
752 1215 994 1257 inveniuntur,
1017 1226 1080 1262 per
1095 1226 1187 1261 quae
1203 1215 1389 1249 ordinatur
1402 1214 1519 1249 homo
1535 1214 1579 1248 ad
1592 1214 1813 1261 proximum,

241 1279 351 1314 quam
370 1280 433 1315 per
455 1280 547 1315 quae
573 1269 760 1303 ordinatur
780 1268 896 1303 homo
919 1268 963 1303 ad
984 1269 1126 1312 Deum3
1154 1277 1188 1303 et
1209 1277 1356 1316 propter
1388 1268 1460 1303 hoc
1495 1268 1605 1303 etiam
1640 1267 1811 1314 oportuit,

241 1321 343 1369 plura
366 1334 442 1357 esse
466 1322 747 1357 caeremonialia
770 1322 805 1356 in
827 1322 920 1369 lege,
943 1334 1053 1369 quam
1074 1322 1268 1368 judicialia.

819 1465 1165 1511 ARTICULUS
1204 1466 1260 1508 H.
1744 1489 1807 1523 357

438 1574 591 1604 UTRUM
617 1573 869 1603 PRAECEPTA
891 1574 1141 1616 JUDICIALIA
1169 1573 1353 1609 ALIQUID
1381 1573 1613 1604 FIGURENT.

573 1662 675 1709 (Infr.
698 1668 763 1697 art.
782 1675 812 1709 3.
835 1669 924 1709 corp.
947 1667 976 1698 et
996 1674 1061 1698 2-2.
1084 1674 1113 1708 q.
1135 1663 1189 1709 87.
1212 1667 1275 1698 art.
1297 1673 1326 1708 7.
1349 1662 1473 1709 corp).

312 1752 373 1787 AD
392 1762 599 1787 SECUNDUM
615 1753 665 1786 sic
687 1751 904 1798 proceditur.
927 1751 1090 1793 Videtur,
1113 1751 1210 1798 quod
1232 1758 1424 1798 praecepta
1437 1749 1620 1797 judicialia
1638 1761 1713 1785 non
1727 1750 1814 1796 figu-

240 1814 319 1840 rent
340 1805 493 1852 aliquid:
516 1806 588 1840 hoc
612 1805 710 1839 enim
731 1806 872 1840 videtur
886 1817 963 1840 esse
979 1805 1166 1852 proprium
1182 1804 1507 1839 caeremonialium
1521 1812 1812 1851 praeceptorum,

241 1859 338 1906 quod
360 1859 430 1894 sint
450 1860 486 1893 in
508 1859 662 1906 figuram
686 1859 837 1905 alicujus
855 1859 906 1894 rei
920 1859 1100 1894 instituta:
1120 1859 1150 1893 si
1171 1859 1278 1905 igitur
1294 1859 1403 1893 etiarn
1421 1866 1614 1905 praecepta
1628 1857 1812 1904 judicialia

241 1913 376 1960 aliquid
391 1913 558 1959 figurent,
573 1924 647 1947 non
664 1913 730 1947 erit
744 1912 945 1947 differentia
956 1913 1048 1947 inter
1061 1912 1255 1958 judicialia,
1267 1920 1302 1947 et
1317 1911 1599 1947 caeremonialia
1609 1919 1811 1958 praecepta.

314 1977 344 2001 2.
367 1967 605 2002 PRAETEREA.
630 1967 732 2001 Sicut
753 1966 805 2001 illi
826 1966 962 2013 populo
980 1967 1204 2012 Judaeorum
1226 1967 1308 2001 data
1330 1974 1412 2001 sunt
1430 1965 1610 2013 quaedam
1626 1965 1810 2012 judicialia

241 2029 444 2067 praecepta,
460 2020 508 2055 ita
524 2021 634 2055 etiam
657 2020 734 2055 aliis
757 2020 899 2067 populis
917 2020 1136 2055 Gentilium:
1160 2020 1222 2055 sed
1243 2019 1425 2066 judicialia
1444 2027 1636 2066 praecepta
1658 2019 1813 2054 aliorum

241 2074 462 2121 populorum
480 2085 554 2109 non
570 2074 725 2120 figurant
752 2074 897 2120 aliquid,
913 2074 974 2108 sed
991 2074 1159 2108 ordinant
1181 2074 1265 2120 quid
1288 2073 1366 2108 fieri
1383 2073 1529 2116 debeat;
1556 2084 1644 2120 ergo
1657 2073 1811 2115 videtur,

242 2128 339 2174 quod
366 2140 485 2174 neque
512 2136 705 2174 praecepta
731 2127 914 2174 judicialia
940 2128 1071 2162 veteris
1098 2127 1188 2174 legis
1216 2127 1351 2174 aliquid
1373 2127 1579 2174 figurarent.

317 2194 346 2228 3.
369 2183 607 2217 PRAETEREA.
630 2182 681 2216 Ea
704 2194 795 2229 quae
818 2183 861 2216 ad
886 2182 1024 2217 cultum
1046 2182 1210 2217 divinum
1229 2182 1420 2229 pertinent,
1448 2181 1571 2228 figuris
1598 2181 1813 2228 quibusdam

240 2236 332 2271 tradi
353 2236 533 2283 oportuit;
556 2236 639 2282 quia
662 2248 702 2270 ea
725 2248 816 2283 quae
838 2236 909 2271 Dei
930 2244 1023 2279 sunt,
1046 2247 1153 2282 supra
1172 2243 1335 2270 nostram
1350 2235 1530 2270 rationem
1546 2242 1639 2278 sunt,
1654 2243 1692 2269 ut
1705 2246 1812 2281 supra

242 2290 379 2324 dictum
403 2298 455 2325 est
477 2291 525 2337 (q.
548 2303 616 2326 101.
640 2296 705 2325 art.
725 2303 755 2325 2.
779 2290 820 2324 mi
839 2291 888 2336 2.)
901 2304 911 2325 :
930 2291 991 2325 sed
1009 2302 1049 2325 ea
1066 2301 1157 2336 quae
1172 2298 1255 2325 sunt
1268 2290 1531 2336 proximorum,
1546 2300 1621 2324 non
1636 2289 1812 2324 excedunt

241 2344 421 2378 rationem
443 2352 624 2386 nostram3
648 2356 734 2390 ergo
758 2356 821 2391 per
841 2343 1036 2390 judicialia,
1059 2356 1151 2391 quae
1174 2344 1217 2379 ad
1239 2344 1448 2391 proximum
1462 2355 1529 2378 nos
1544 2344 1724 2386 ordinant,
1738 2354 1812 2378 non

241 2399 401 2444 oportuit
423 2398 558 2444 aliquid
580 2397 735 2443 figurari.

314 2452 388 2486 SED
412 2462 567 2486 CONTRA
591 2460 654 2493 est,
678 2452 774 2497 quod
797 2451 910 2486 Exod.
934 2462 988 2486 21.
1012 2452 1195 2498 judicialia
1223 2460 1414 2499 praecepta
1441 2451 1650 2498 allegorice,
1677 2459 1712 2486 et
1737 2462 1813 2485 mo-

241 2505 360 2540 raliter
383 2514 620 2552 exponuntur.

312 2559 541 2594 Ruspoxnuo
565 2559 772 2601 dicendum,
794 2560 890 2605 quod
913 2560 1089 2606 dupliciter
1111 2560 1288 2606 contingit
1310 2559 1456 2606 aliquod
1478 2566 1712 2606 praeceptum
1735 2569 1812 2594 esse

242 2612 408 2659 figurale:
433 2625 495 2647 meo
519 2613 613 2647 modo
636 2613 765 2659 primo,
788 2621 821 2646 et
844 2625 905 2659 per
927 2625 985 2655 se,
1008 2614 1091 2659 quia
1114 2613 1251 2647 scilicet
1272 2613 1518 2659 principaliter
1535 2620 1587 2647 est
1608 2612 1811 2647 institutum

242 2667 285 2700 ad
308 2666 441 2713 aliquid
464 2667 709 2712 figurandum:
734 2675 768 2701 et
790 2667 860 2700 hoc
885 2668 996 2701 niodo
1020 2676 1211 2713 praecepta
1234 2666 1514 2701 caeremonialia
1529 2674 1611 2701 sunt
1625 2665 1808 2712 figuralia:

242 2721 285 2754 ad
307 2721 377 2755 hoc
402 2721 499 2754 enim
522 2729 604 2755 sunt
625 2721 796 2762 instituta,
813 2729 849 2754 ut
865 2720 998 2766 aliquid
1015 2721 1169 2767 figurent
1190 2721 1371 2767 pertinens
1395 2721 1438 2755 ad
1461 2720 1598 2754 cultum
1619 2720 1701 2762 Dei,
1717 2727 1751 2754 et
1765 2719 1808 2753 ad

241 2774 455 2820 mysterium
479 2774 633 2809 Christi:
657 2775 836 2820 quaedam
858 2786 945 2808 vero
965 2783 1154 2821 praecepta
1175 2783 1259 2809 sunt
1280 2774 1444 2821 figuralia
1464 2785 1539 2809 non
1554 2774 1684 2821 primo,
1700 2782 1735 2808 et
1749 2784 1811 2820 per

241 2840 290 2869 se,
313 2828 375 2862 sed
398 2840 439 2862 ex
460 2829 716 2874 consequenti:
741 2837 774 2863 et
795 2828 865 2862 hoc
890 2829 1001 2862 modo
1029 2837 1221 2875 praecepta
1247 2828 1430 2874 judicialia
1456 2828 1586 2863 veteris
1612 2827 1703 2873 legis
1729 2835 1811 2862 sunt

242 2881 420 2927 figuralia:
445 2893 519 2916 non
543 2882 640 2916 enim
663 2890 744 2916 sunt
765 2882 924 2917 instituta
945 2882 987 2916 ad
1011 2882 1144 2928 aliquid
1168 2881 1408 2928 figurandum,
1431 2882 1493 2917 sed
1509 2881 1552 2916 ad
1568 2880 1808 2916 ordinandum
