1907 3198
489 177 714 213 Quat—:sno
747 177 866 206 xtlx.
901 175 1150 206 ARTlchus
1184 175 1241 205 tv.
1583 175 1668 218 347

0 0 7 20 Ι

0 34 13 328 i
71 261 237 297 habitus:
257 268 293 296 et
313 260 408 295 sicut
424 260 588 307 potentia
609 271 684 294 non
704 271 850 306 semper
865 260 950 305 agit,
973 258 1022 292 ita
1036 269 1104 293 nec
1120 258 1285 300 habitum
1306 257 1542 292 existentibus
1559 257 1671 303 igitur

72 314 256 363 potentiis,
278 313 502 361 superfluum
524 313 591 348 fuit
608 314 776 348 habitum
798 324 888 348 esse.

145 368 221 404 SED
243 378 402 404 CONTRA
429 377 494 410 est,
516 368 614 414 quod
642 368 774 403 habitus
799 372 877 402 sunt
897 367 1114 413 perfectiones
1140 366 1316 412 quaedam,
1346 374 1385 400 ut
1411 365 1544 399 dicitur
1569 365 1606 399 in
1635 376 1667 411 7.

73 423 220 470 Physic.
243 423 325 468 (tex.
347 423 438 469 17.):
461 422 524 456 sed
539 421 716 469 perfectio
739 429 792 456 est
806 421 966 455 maxime
981 420 1190 455 necessaria
1213 420 1276 462 rei,
1299 431 1384 454 cum
1407 419 1541 454 habeat
1558 419 1667 454 ratio-

71 488 160 512 nem
180 475 282 519 finis;
304 487 394 523 ergo
416 476 666 510 necessarium
690 475 756 510 fuit
776 475 921 509 habitus
944 485 1034 509 esse.

143 530 378 566 Responneo
396 529 605 572 dicendum,
629 529 738 576 quod,
766 530 858 563 sicut
880 539 987 575 supra
1010 528 1148 562 dictum
1171 536 1227 563 est
1255 528 1335 571 (art.
1358 539 1388 563 2.
1412 533 1440 563 et
1458 539 1487 574 3.
1511 527 1581 574 huj.
1605 528 1668 574 q.),

0 330 13 726 Ι
70 584 216 620 habitus
242 584 418 632 importat
439 584 720 630 dispositionem
739 582 939 630 quamdam
958 583 994 616 in
1017 582 1145 616 ordine
1174 582 1217 616 ad
1240 590 1410 616 naturam
1434 582 1497 623 rei,
1520 589 1556 616 et
1577 592 1667 628 ope-

11 672 13 674 ,
71 639 264 681 rationem,
281 637 342 673 vel
358 637 471 673 finem
490 639 578 684 ejus,
597 637 800 672 secundum
819 648 931 684 quam
951 636 1013 682 [al.
1032 636 1214 671 sectandum
1236 636 1348 682 quem]
1368 637 1473 678 bene,
1492 635 1552 670 vel
1570 635 1668 670 male

71 691 209 740 aliquid
231 693 275 727 ad
299 692 454 727 alterum
474 691 536 738 [al.
558 691 602 726 ad
622 692 723 737 Incnc]
749 691 963 739 disponitur.
995 691 1053 725 Ad
1083 690 1156 724 hoc
1189 698 1312 725 autem
1340 690 1439 737 quod
1463 689 1599 736 aliquid
1622 689 1673 723 in-

0 730 9 775 Ῐ
71 746 196 794 digeat
216 747 360 793 disponi
382 746 428 781 ad
451 745 619 788 alterum,
641 747 708 780 tria
730 745 971 793 requiruntur.
995 745 1113 779 Primo
1133 745 1294 791 quidem,
1313 752 1352 778 ut
1374 744 1409 779 id
1431 744 1530 790 quod
1553 743 1673 790 dispo-

71 801 179 844 nitur,
201 800 248 836 sit
269 800 426 835 alterum
448 799 491 834 ab
515 811 572 842 eo,
596 799 640 834 ad
667 799 765 846 quod
788 799 1015 846 disponitur;
1043 807 1078 833 et
1100 799 1150 832 sic
1182 810 1220 833 se
1250 798 1386 832 habeat
1408 797 1452 831 ad
1474 799 1606 844 ipsum,
1633 805 1673 831 ut

71 855 236 902 potentia
258 854 303 890 ad
326 862 469 889 actum:
501 854 597 889 unde
628 854 658 889 si
688 854 823 901 aliquid
850 854 906 896 sit,
934 854 1036 900 cujus
1062 861 1193 888 natura
1219 864 1294 888 non
1322 853 1368 888 sit
1394 852 1602 900 composita
1629 863 1672 886 ex

70 909 248 956 potentia,
275 917 312 944 et
333 916 428 951 actu,
455 917 490 944 et
517 910 619 955 cujus
646 908 846 943 substantia
873 910 918 943 sit
945 919 1009 944 sua
1037 909 1216 955 operatio,
1243 917 1279 943 et
1304 908 1426 955 ipsum
1453 908 1499 942 sit
1524 916 1672 955 propter

71 963 245 1011 seipsum,
271 963 320 998 ibi
345 963 502 1005 habitus,
529 963 588 998 vel
615 963 808 1009 dispositio
843 963 971 997 locum
1005 974 1081 997 non
1107 963 1237 1006 habet3
1265 963 1358 998 sicut
1384 971 1482 1010 patet
1503 963 1541 996 in
1568 962 1669 997 Deo:

69 1016 212 1052 secundo
232 1017 437 1064 requiritur,
459 1016 558 1063 quod
580 1017 616 1051 id
638 1016 737 1063 quod
764 1025 819 1051 est
845 1017 882 1051 in
909 1017 1073 1064 potentia
1101 1017 1144 1051 ad
1173 1016 1340 1059 alterum,
1367 1017 1483 1064 possit
1508 1016 1672 1064 pluribus

72 1071 194 1106 modis
215 1071 464 1113 determinari,
487 1078 522 1105 et
544 1071 588 1104 ad
611 1071 774 1114 diversa;
797 1071 893 1105 unde
915 1071 944 1106 si
967 1071 1103 1118 aliquid
1126 1073 1172 1106 sit
1193 1073 1229 1106 in
1248 1071 1413 1118 potentia
1437 1071 1480 1105 ad
1504 1070 1672 1113 alterurn,

71 1125 122 1160 ita
147 1132 273 1160 tamen
299 1125 399 1172 quod
425 1135 501 1159 non
528 1125 574 1160 sit
599 1124 636 1158 in
663 1125 828 1171 potentia
854 1125 924 1159 nisi
947 1125 991 1159 ad
1014 1126 1148 1172 ipsum,
1170 1125 1220 1160 ibi
1241 1125 1446 1172 dispositio,
1469 1132 1506 1160 et
1525 1125 1672 1160 habitus

70 1177 198 1214 locum
220 1190 295 1214 non
317 1179 446 1214 habet:
469 1179 555 1226 quia
575 1178 649 1214 tale
672 1179 879 1224 subjectum
902 1191 945 1214 ex
968 1191 1033 1213 sua
1055 1188 1185 1214 natura
1206 1180 1319 1214 habet
1345 1179 1506 1215 debitam
1533 1179 1674 1214 habitu-

74 1233 200 1269 dinem
223 1233 268 1268 ad
289 1232 402 1269 talem
425 1241 567 1276 actum3
588 1233 685 1267 unde
708 1233 738 1268 si
760 1243 892 1280 corpus
915 1233 1077 1268 coeleste
1099 1233 1145 1268 sit
1167 1234 1418 1280 compositum
1441 1245 1482 1268 ex
1505 1234 1672 1276 materia,

75 1296 112 1323 et
130 1286 264 1330 forma,
286 1298 371 1322 cum
392 1287 456 1322 illa
477 1287 632 1322 materia
651 1298 728 1322 non
750 1287 796 1322 sit
812 1287 849 1321 in
871 1288 1036 1334 potentia
1060 1287 1103 1322 ad
1127 1287 1238 1322 aliam
1260 1287 1432 1330 formam,
1454 1296 1493 1322 ut
1513 1288 1551 1322 in
1577 1299 1605 1322 1.
1625 1288 1674 1322 di-

72 1349 173 1377 ctum
189 1349 245 1377 est
257 1342 307 1389 (q.
322 1341 383 1378 66.
397 1347 462 1377 art.
478 1342 544 1387 2.),
559 1353 635 1376 non
649 1341 760 1376 habet
773 1341 822 1376 ibi
836 1341 963 1376 locum
979 1341 1183 1388 dispositio,
1197 1341 1258 1376 vel
1275 1341 1420 1376 habitus
1441 1342 1484 1375 ad
1498 1341 1672 1384 formam,

71 1403 134 1431 aut
153 1395 267 1431 etiam
287 1395 332 1430 ad
354 1397 626 1442 operationem:
649 1396 734 1443 quia
755 1403 885 1430 natura
907 1395 1079 1430 coelestis
1101 1396 1267 1443 corporis
1285 1407 1361 1430 non
1380 1404 1435 1430 est
1454 1397 1489 1430 in
1508 1397 1672 1442 potentia

5 1478 15 1498 A:
69 1450 141 1486 nisi
161 1449 207 1485 ad
228 1461 343 1485 unum
364 1458 510 1485 motum
533 1442 834 1485 determinatum:
859 1451 954 1484 tertio
977 1450 1183 1496 requiritur,
1203 1450 1300 1497 quod
1324 1450 1428 1497 plura
1451 1458 1673 1484 concurrant

70 1504 117 1540 ad
138 1504 409 1552 disponendum
429 1504 635 1551 subjectum
663 1504 708 1539 ad
735 1515 850 1539 unum
879 1515 1021 1546 eorum,
1049 1505 1093 1539 ad
1121 1516 1214 1551 quae
1237 1513 1292 1539 est
1313 1505 1350 1538 in
1377 1506 1555 1551 potentia,
1577 1516 1671 1551 quae

72 1557 225 1594 diversis
250 1558 372 1594 modis
393 1558 687 1594 commensurari
708 1566 881 1605 possunt3
910 1566 949 1593 ut
975 1558 1025 1593 sic
1053 1558 1269 1605 disponatur
1290 1559 1394 1601 bene,
1416 1558 1477 1593 vel
1500 1558 1596 1593 male
1626 1559 1670 1592 ad

0 1616 15 1644 '.
71 1611 245 1655 formam,
275 1620 312 1648 et
341 1612 386 1648 ad
414 1612 690 1662 operationem:
721 1612 818 1647 unde
845 1612 1039 1659 qualitates
1061 1612 1248 1660 simplices
1270 1612 1555 1655 elementorum,
1577 1624 1672 1659 quae

0 1662 32 1699 Ξ·
73 1666 279 1702 secundum
304 1677 421 1701 unum
446 1667 602 1701 modum
632 1667 917 1701 determinatum
952 1667 1090 1702 naturis
1126 1666 1396 1701 elementorum
1432 1667 1671 1709 conveniunt,

70 1731 147 1756 non
172 1720 330 1756 dicimus
359 1720 597 1768 dispositiones,
620 1720 681 1756 vel
706 1721 849 1764 habitus,
873 1721 937 1756 sed
958 1721 1124 1768 simplices
1145 1722 1340 1767 qualitates:
1364 1721 1520 1756 dicimus
1545 1729 1672 1755 autern

71 1774 309 1822 dispositiones,
338 1773 399 1810 vel
427 1775 560 1810 habitus
581 1774 789 1817 sanitatem,
823 1774 1148 1821 pulchritudinem,
1177 1783 1213 1810 et
1235 1775 1305 1809 alia
1326 1775 1554 1821 hujusmodi,
1577 1786 1672 1822 quae

76 1830 278 1877 important
298 1829 499 1876 quamdam
521 1829 924 1864 commensurationem
948 1829 1121 1876 plurium,
1144 1841 1237 1876 quae
1259 1830 1410 1864 diversis
1431 1830 1552 1864 modis
1574 1841 1675 1864 com·

71 1883 277 1919 mensurari
294 1891 467 1930 possunt:
485 1891 635 1932 propter
652 1883 751 1931 quod
770 1883 987 1930 Philosoph.
1002 1883 1090 1918 dicit
1103 1884 1140 1918 in
1164 1895 1191 1929 5.
1215 1884 1377 1930 Metaph.
1395 1887 1473 1928 (tex.
1489 1885 1553 1930 25.)
1574 1884 1673 1931 quod

71 1937 202 1973 habitus
223 1942 269 1973 est
285 1937 477 1985 dispositio:
505 1945 542 1973 et
567 1937 760 1985 dispositio
783 1945 837 1972 est
859 1937 940 1972 ordo
962 1938 1110 1973 habentis
1126 1943 1251 1985 partes,
1274 1939 1328 1972 vel
1348 1938 1527 1973 secundum
1550 1938 1671 1980 locum,

15 1984 17 1992 ¹
69 1992 125 2027 vel
148 1991 327 2028 secundum
347 1993 548 2040 potentiam,
575 1991 630 2027 vel
661 1991 838 2027 secundum
872 1993 1024 2039 speciem,
1061 2000 1100 2026 ut
1131 2003 1241 2039 supra
1276 1992 1415 2026 dictum
1445 2000 1499 2027 est
1531 1991 1614 2036 (art.
1642 2004 1672 2028 1.

1 2051 23 2108 ’ᾖ
71 2045 142 2094 huj.
169 2058 201 2094 q.
222 2045 266 2082 ad
282 2047 341 2094 3.).
366 2047 467 2088 Quia
492 2047 602 2094 igitur
623 2045 740 2081 multa
762 2054 846 2080 sunt
872 2046 1025 2088 entium,
1049 2046 1093 2080 ad
1120 2057 1279 2093 quorum
1301 2055 1461 2088 naturas,
1490 2054 1526 2081 et
1548 2057 1674 2093 opera-

8 2110 26 2147 φ
70 2100 192 2136 tiones
223 2111 377 2137 necesse
403 2109 459 2136 est
495 2100 600 2149 plura
643 2111 875 2143 concurrere,
910 2111 1004 2147 quae
1038 2100 1190 2136 diversis
1222 2101 1344 2135 modis
1380 2101 1674 2136 commensurari

4 2150 21 2209 ᾗ
70 2162 244 2203 possunt3
269 2155 355 2190 ideo
375 2167 498 2191 necesse
523 2160 566 2191 est
587 2155 718 2190 habitus
738 2167 810 2190 esse.

145 2209 208 2245 An
225 2219 378 2245 numm
400 2220 490 2256 ergo
513 2209 723 2252 dicendum,
751 2209 850 2255 quod
876 2220 940 2256 per
966 2207 1127 2244 formam
1153 2208 1338 2256 perficitur
1364 2217 1495 2243 natura
1521 2209 1585 2252 rei,
1608 2208 1671 2244 sed

74 2270 233 2310 oportet,
259 2263 358 2310 quod
388 2264 425 2298 in
451 2263 580 2298 ordine
608 2263 651 2297 ad
680 2264 797 2310 ipsam
824 2261 986 2298 formam
1013 2263 1229 2310 disponatur
1250 2263 1455 2310 subjectum
1480 2263 1603 2310 aliqua
1625 2264 1674 2298 di-

73 2317 295 2364 spositione;
316 2317 395 2365 ipsa
411 2325 538 2353 tamen
557 2317 676 2352 forma
695 2317 886 2352 ordinatur
904 2317 1056 2352 ulterius
1076 2317 1119 2352 ad
1139 2318 1408 2365 operationem,
1427 2329 1519 2365 quae
1542 2326 1596 2352 est
1612 2317 1673 2352 vel

72 2370 168 2414 finis,
188 2370 248 2406 vel
268 2371 329 2406 via
348 2371 386 2406 in
407 2371 542 2415 finem;
569 2380 606 2407 et
631 2373 661 2406 si
688 2371 837 2418 quidem
864 2371 998 2406 habeat
1018 2371 1139 2406 forma
1161 2372 1403 2407 determinate
1432 2372 1494 2417 [al.
1518 2371 1673 2407 determi-

73 2437 168 2468 nare,
190 2432 226 2460 et
247 2424 292 2460 al.
315 2425 554 2471 determinata]
580 2437 691 2460 unam
713 2433 856 2460 tantum
878 2426 1134 2473 operationem
1156 2427 1451 2469 determinatam,
1473 2426 1574 2460 nulla
1601 2425 1673 2460 alia

73 2477 268 2526 dispositio
300 2481 496 2527 requiritur
529 2479 573 2514 ad
607 2479 864 2527 operationem
891 2489 1034 2528 praeter
1060 2481 1178 2528 ipsam
1205 2480 1386 2516 formam:
1415 2481 1446 2516 si
1475 2490 1598 2516 autem
1626 2481 1672 2515 sit

73 2532 157 2569 talis
177 2533 311 2578 forma,
337 2545 431 2582 quae
453 2534 570 2582 possit
590 2534 836 2569 diversimode
859 2535 1015 2581 operari,
1038 2537 1130 2570 sicut
1157 2543 1211 2570 est
1238 2536 1373 2578 anima,
1401 2543 1546 2583 oportet
1572 2535 1671 2582 quod

73 2587 290 2636 disponatur
311 2588 356 2624 ad
377 2600 462 2624 suas
489 2589 723 2636 operationes
744 2601 809 2636 per
831 2589 974 2636 aliquos
994 2589 1152 2624 habitus.

146 2642 209 2679 AD
230 2653 443 2679 SECUNDUM
469 2642 681 2685 dicendum,
707 2643 806 2689 quod
834 2643 997 2690 potentia
1026 2644 1247 2691 quandoque
1276 2655 1313 2679 se
1336 2643 1446 2678 habet
1469 2643 1512 2678 ad
1535 2642 1671 2679 multa:

73 2695 214 2732 et-ideo
236 2705 393 2744 oportet,
415 2696 514 2744 quod
543 2695 666 2743 aliquo
694 2696 767 2732 alio
794 2697 1076 2733 determinetur:
1104 2699 1132 2732 si
1159 2709 1248 2733 vero
1277 2698 1322 2733 sit
1348 2697 1469 2745 aliqua
1495 2697 1671 2744 potentia,

72 2760 168 2798 quae
187 2761 264 2786 non
287 2761 326 2786 se
346 2750 460 2786 habet
481 2751 525 2786 ad
547 2749 676 2793 multa,
698 2761 773 2786 non
792 2751 930 2798 indiget
948 2751 1074 2786 habitu
1098 2752 1376 2794 determinante,
1400 2760 1437 2786 ut
1459 2751 1597 2786 dictum
1618 2760 1672 2787 est

73 2802 127 2850 (in
153 2810 246 2853 corp.
273 2805 372 2851 art),
401 2812 437 2840 et
461 2812 612 2852 propter
637 2804 710 2839 hoc
737 2805 833 2840 vires
860 2806 1045 2841 naturales
1072 2817 1147 2841 non
1177 2815 1290 2854 agunt
1318 2805 1552 2853 operationes
1586 2817 1670 2841 suas

73 2857 318 2894 mediantibus
345 2858 526 2907 aliquibus
553 2858 758 2902 habitibus;
785 2859 870 2907 quia
897 2860 1101 2895 secundum
1127 2862 1266 2908 seipsas
1294 2869 1377 2895 sunt
1405 2860 1669 2895 determinatae

56 2928 57 2931 ¹
74 2911 120 2948 ad
141 2923 269 2948 unum.
