1907 3182
248 181 335 236 486
660 193 880 228 QUAESTIO
913 193 1029 223 inx.
1063 193 1307 223 ARTICULUS
1340 193 1401 223 111.

249 273 366 308 datur:
390 274 484 308 unde
504 274 643 309 secunda
664 274 848 308 beatitudo
870 274 1030 320 ponitur:
1052 275 1147 308 Beati
1161 275 1262 308 mites.
1277 273 1310 307 A
1325 273 1472 319 sequela
1489 285 1576 308 vero
1595 275 1805 320 passionum

248 327 539 373 concupiscibilis
553 328 700 362 retrahit
714 328 836 369 virtus,
848 328 1033 361 moderate
1044 327 1254 372 hujusmodi
1267 327 1497 372 passionibus,
1505 328 1655 362 utendo:
1670 327 1807 362 donum

247 391 334 415 vero
363 392 434 423 eas,
461 381 491 415 si
520 392 667 415 necesse
693 380 809 422 fuerit,
836 379 993 414 totaliter
1021 380 1238 425 abjiciendo3
1266 380 1481 426 quinimmo,
1509 380 1538 414 si
1563 381 1807 415 necessarium

247 433 365 476 fuerit,
379 434 625 468 voluntarium
647 433 784 467 luctum
807 433 1044 475 assumendo,
1066 433 1160 467 unde
1184 435 1282 468 tertia
1303 433 1485 467 beatitudo
1507 433 1673 479 ponitur:
1699 435 1807 477 Beati,

248 488 304 533 qui
326 487 445 533 lugent.

316 541 446 574 Activa
467 551 553 574 vero
575 540 647 574 vita
668 540 704 573 in
725 539 781 573 his
804 539 967 573 consistit
987 539 1189 585 praecipue,
1213 551 1303 585 quae
1325 540 1498 585 proximis
1517 539 1740 582 exhibemus,
1753 540 1807 575 vel

245 594 310 628 sub
333 594 471 628 ratione
493 594 612 634 debiti,
633 593 685 627 vel
706 593 768 626 sub
792 593 931 626 ratione
954 592 1142 638 spontanei
1163 592 1338 626 beneficii.
1361 593 1405 626 Et
1427 593 1470 626 ad
1487 594 1637 639 primum
1659 593 1806 639 quidem

245 658 313 680 nos
334 647 444 681 virtus
467 646 634 692 disponit,
656 654 694 679 ut
715 657 757 679 ea
779 657 870 691 quae
892 646 1064 679 debemus
1083 646 1268 691 proximis,
1289 657 1364 680 non
1383 657 1590 680 recusemus
1617 646 1806 689 exhibere;

245 700 342 746 quod
365 701 518 745 pertinet
533 700 575 733 ad
590 699 762 744 justitiam
779 712 786 733 :
809 699 946 732 donum
961 708 1082 732 autem
1105 699 1147 732 ad
1162 699 1233 732 hoc
1248 699 1366 745 ipsum
1382 699 1634 733 abundantiori
1647 700 1806 745 quodam

248 752 379 787 affectu
401 764 467 786 nos
489 753 636 794 inducit,
658 760 696 786 ut
718 751 855 786 scilicet
875 751 1027 786 ferventi
1049 752 1226 786 desiderio
1255 763 1366 798 opera
1391 753 1545 797 justitiae
1571 752 1806 798 impleamus;

247 806 338 840 sicut
370 806 523 840 ferventi
554 805 731 839 desiderio
761 805 930 847 esuriens,
962 813 996 839 et
1022 805 1145 839 sitiens
1180 805 1277 851 cupit
1308 806 1439 847 cibum,
1459 805 1519 839 vel
1539 814 1686 851 potum:
1712 806 1807 840 unde

246 865 367 905 quarta
389 859 572 893 beatitudo
588 859 733 904 ponitur
747 870 754 892 ε
774 860 880 901 Beati,
897 860 953 904 qui
968 860 1125 900 esuriunt,
1141 864 1171 893 et
1182 860 1298 893 sitizmt
1308 860 1483 904 justitiam.
1507 858 1615 893 Circa
1628 865 1807 905 spontanea

244 924 329 946 vero
353 913 449 946 dona
470 923 538 946 nos
560 911 698 958 perficit
718 912 842 953 virtus,
865 920 903 946 ut
923 911 992 946 illis
1016 911 1206 953 donemus,
1233 912 1360 958 quibus
1387 912 1478 946 ratio
1506 911 1617 946 dictat
1643 923 1720 947 esse
1747 912 1808 947 do-

244 966 417 1007 nandum,
439 974 523 1011 puta
547 965 684 1007 amicis,
707 974 767 999 aut
789 965 866 999 aliis
888 965 991 999 nobis
1014 965 1238 1010 conjunctis;
1266 966 1363 1011 quod
1389 965 1541 1011 pertinet
1567 965 1611 999 ad
1636 965 1807 1000 virtutem

245 1018 485 1053 liberalitatis:
508 1019 571 1053 sed
595 1019 732 1052 donum
754 1027 900 1065 propter
920 1018 990 1052 Dei
1011 1018 1252 1052 reverentiam
1274 1018 1394 1053 solum
1415 1018 1671 1053 necessitatem
1693 1018 1808 1053 consi-

245 1072 345 1106 derat
365 1072 401 1105 in
423 1072 490 1114 his,
513 1072 640 1118 quibus
663 1072 818 1117 gratuita
839 1071 1014 1105 beneficia
1035 1064 1210 1117 praestat:
1233 1072 1326 1106 unde
1349 1072 1478 1106 dicitur
1507 1072 1594 1106 Luc.
1621 1081 1692 1114 14.:
1723 1072 1807 1106 Cum

237 1126 328 1171 sacis
344 1125 542 1171 prandium,
565 1130 622 1159 aut
648 1136 792 1165 coenam,
818 1126 886 1159 noli
907 1137 1028 1159 vocare
1049 1127 1182 1161 amicos,
1209 1130 1268 1160 aut
1285 1126 1414 1171 fratres
1434 1130 1515 1167 tuos,
1539 1133 1619 1167 etc.,
1643 1125 1696 1160 sed
1720 1137 1805 1160 voca

239 1185 410 1225 pauperes,
434 1184 464 1213 et
489 1178 614 1220 debiles,
638 1186 718 1220 etc.,
742 1179 839 1224 quod
861 1179 1004 1224 proprie
1026 1186 1079 1212 est
1100 1178 1282 1220 misereri;
1311 1187 1346 1212 et
1374 1178 1457 1212 ideo
1479 1180 1594 1224 quinta
1623 1178 1806 1213 beatitudo

245 1232 409 1278 ponitur:
431 1233 526 1266 Beati
539 1231 773 1266 misericordes.
795 1231 847 1265 Ea
864 1243 963 1273 vero,
985 1243 1076 1278 quae
1092 1232 1135 1265 ad
1151 1231 1474 1277 contemplativam
1488 1231 1600 1265 vitam
1615 1233 1805 1278 pertinent,

245 1285 298 1319 vel
318 1293 400 1319 sunt
421 1285 497 1331 ipsa
518 1285 702 1319 beatitudo
725 1285 853 1326 finalis,
863 1285 916 1320 vel
930 1285 1049 1331 aliqua
1064 1285 1250 1319 inchoatio
1274 1286 1368 1330 ejus3
1391 1293 1426 1319 et
1439 1285 1521 1319 ideo
1536 1296 1610 1319 non
1625 1293 1807 1331 ponuntur

245 1338 281 1371 in
304 1339 580 1372 beatitudinibus
601 1346 790 1384 tamquam
812 1340 950 1380 merita,
973 1339 1034 1372 sed
1056 1347 1243 1384 tamquam
1269 1338 1441 1383 praemia.
1469 1338 1658 1372 Ponuntur
1685 1346 1806 1372 autem

246 1400 433 1437 tamquam
456 1392 583 1426 merita
606 1391 754 1426 effectus
778 1392 916 1426 activae
937 1392 1043 1434 vitae,
1066 1392 1193 1438 quibus
1215 1392 1330 1426 homo
1353 1392 1554 1437 disponitur
1577 1392 1620 1426 ad
1648 1400 1808 1426 contem-

245 1445 419 1491 plativam
440 1445 569 1479 vitam:
593 1444 740 1479 effectus
760 1453 881 1479 autem
904 1445 1041 1479 activae
1063 1446 1169 1487 vitae,
1197 1453 1372 1491 quantum
1395 1445 1437 1479 ad
1459 1445 1620 1487 virtutes,
1643 1453 1677 1480 et
1698 1445 1806 1487 dona,

245 1498 372 1544 quibus
394 1499 508 1532 homo
532 1498 714 1544 perficitur
734 1499 771 1532 in
789 1499 921 1544 seipso,
943 1506 996 1533 est
1019 1499 1195 1532 munditia
1218 1499 1360 1540 cordis,
1387 1506 1425 1532 ut
1450 1498 1589 1532 scilicet
1615 1509 1718 1532 mens
1743 1498 1807 1532 ho-

245 1551 352 1585 minis
374 1552 600 1597 passionibus
621 1563 695 1586 non
717 1552 938 1598 inquinetur:
961 1552 1055 1585 unde
1076 1557 1165 1586 sexta
1179 1552 1362 1586 beatitudo
1382 1552 1547 1597 ponitur:
1569 1553 1663 1586 Beati
1683 1551 1805 1586 mundo

243 1605 349 1640 corde.
375 1605 563 1646 Quantum
586 1617 672 1640 vero
696 1606 738 1639 ad
760 1606 920 1647 virtuteS,
944 1614 978 1640 et
1005 1606 1112 1647 dona,
1139 1606 1266 1651 quibus
1293 1605 1408 1639 homo
1436 1605 1619 1650 perficitur
1646 1605 1682 1639 in
1709 1616 1807 1639 corn-

242 1659 428 1704 paratione
440 1660 483 1692 ad
498 1659 715 1704 proximum,
726 1658 873 1693 effectus
885 1659 1022 1693 activae
1032 1659 1127 1693 vitae
1139 1667 1191 1693 est
1206 1670 1284 1704 pax,
1296 1659 1496 1693 secundum
1510 1658 1599 1692 illud
1614 1659 1726 1693 Isaiae
1741 1669 1805 1705 305

245 1712 337 1758 Opus
355 1714 504 1758 justitiae
520 1719 612 1759 prm
636 1721 671 1746 et
692 1713 774 1746 ideo
795 1714 932 1758 septima
953 1713 1138 1746 beatitudo
1161 1712 1328 1757 ponitur:
1350 1713 1445 1747 Beati
1461 1713 1608 1758 pacifici.

313 1766 373 1800 AD
396 1777 544 1800 PRIMUM
572 1777 658 1811 ergo
682 1766 887 1807 dicendum,
907 1765 1003 1811 quod
1027 1774 1125 1800 actus
1149 1767 1328 1800 donorum
1351 1765 1607 1811 pertinentium
1628 1765 1672 1800 ad
1693 1765 1806 1799 vitam

244 1819 399 1853 activam
423 1820 670 1865 exprimuntur
692 1820 727 1853 in
749 1819 834 1865 ipsis
857 1819 1010 1853 meritis:
1033 1820 1095 1853 sed
1119 1827 1218 1853 actus
1233 1819 1413 1853 donorum
1429 1819 1686 1865 pertinentium
1701 1819 1744 1853 ad
1759 1819 1807 1853 vi-

243 1881 318 1906 tam
341 1873 661 1919 contemplativam
677 1873 924 1919 exprimuntur
938 1873 974 1906 in
990 1873 1170 1918 praemiis,
1186 1873 1325 1906 ratione
1340 1873 1414 1917 jam
1429 1872 1524 1906 dicta
1538 1873 1590 1917 (in
1604 1879 1692 1919 corp.
1708 1873 1805 1917 art.).·

242 1927 364 1961 videre
387 1927 485 1960 enim
506 1927 627 1960 Deum
650 1927 842 1972 respondet
864 1927 961 1961 dono
983 1926 1201 1968 intellectus,
1229 1934 1264 1960 et
1290 1925 1512 1960 conformari
1538 1926 1620 1960 Deo
1647 1926 1805 1972 quadam

243 1979 415 2014 filiatione
438 1981 617 2021 adoptiva,
640 1982 794 2026 pertinet
816 1980 859 2014 ad
882 1980 1021 2013 donum
1043 1980 1251 2026 sapientiae.

314 2034 373 2068 AD
396 2045 602 2068 SECUNDUM
625 2034 830 2075 dicendum,
852 2034 948 2079 quod
971 2034 1006 2066 in
1029 2034 1084 2067 his
1106 2045 1198 2079 quae
1220 2033 1399 2079 pertinent
1425 2033 1468 2067 ad
1495 2033 1652 2067 activam
1678 2033 1802 2075 vitam,

245 2087 406 2131 cognitio
430 2099 502 2121 non
527 2088 708 2133 quaeritur
730 2095 874 2133 propter
896 2087 1064 2133 seipsam,
1087 2087 1148 2121 sed
1171 2094 1318 2133 propter
1340 2086 1602 2132 operationem,
1631 2094 1669 2120 ut
1695 2087 1805 2121 etiam

242 2140 378 2174 Philos.
403 2141 487 2174 dicit
509 2141 543 2173 in
565 2151 594 2174 2.
618 2140 732 2174 Etliic.
757 2141 844 2186 (rap.
868 2152 897 2175 2.
917 2142 950 2174 in
969 2142 1119 2186 p1·i11c.);
1144 2148 1178 2174 et
1199 2140 1281 2174 ideo
1305 2140 1387 2185 quia
1405 2139 1588 2174 beatitudo
1604 2139 1738 2185 aliquid
1757 2140 1806 2174 ul-

241 2194 373 2227 timum
394 2194 577 2239 importat,
599 2205 672 2227 non
696 2202 951 2239 computantur
972 2194 1063 2228 inter
1085 2193 1324 2228 beatitudines
1344 2201 1443 2227 actus
1459 2193 1640 2227 donorum
1655 2193 1807 2239 dirigen—

243 2247 333 2280 tium
356 2248 391 2280 in
418 2247 489 2280 vita
513 2249 640 2288 activa,
663 2258 753 2292 quos
776 2247 912 2281 scilicet
935 2247 1099 2289 eliciunt;
1123 2247 1214 2281 sicut
1236 2246 1418 2280 consiliari
1446 2254 1499 2280 est
1525 2255 1625 2280 actus
1651 2246 1804 2288 consilii,

243 2309 277 2334 et
298 2301 456 2346 judicare
479 2309 531 2334 est
554 2309 652 2334 actus
675 2301 864 2335 scientiae:
888 2301 948 2334 sed
972 2301 1087 2345 magis
1111 2301 1350 2335 attribuuntur
1371 2300 1421 2334 eis
1444 2308 1544 2335 actus
1566 2300 1752 2346 operativi‚
1768 2301 1804 2334 in

244 2354 371 2400 quibus
393 2354 614 2399 diriguntur;
636 2354 729 2388 sicut
750 2354 920 2388 scientiae
939 2354 1075 2399 lugere,
1098 2362 1131 2388 et
1151 2354 1304 2388 consilio
1328 2353 1499 2388 misereri.

313 2408 372 2441 AD
393 2418 563 2442 ΤΚΜ-ΝΜ
587 2408 792 2448 dicendum,
815 2409 909 2453 quod
939 2409 973 2441 in
996 2407 1226 2441 attributione
1249 2407 1510 2441 beatitudinum
1533 2407 1576 2440 ad
1603 2407 1699 2441 dona
1726 2418 1805 2452 pos-

241 2469 323 2495 sunt
344 2461 406 2495 dita
431 2461 661 2495 considerari.
688 2461 856 2500 Quorum
881 2474 979 2494 unum
1004 2468 1056 2495 est
1083 2460 1320 2495 conformitas
1340 2461 1528 2494 materiae:
1553 2468 1587 2494 et
1604 2461 1803 2494 secundum

242 2514 311 2548 hoc
330 2516 460 2560 primur
483 2526 610 2548 omnes
632 2515 773 2559 quinque
796 2514 1034 2548 beatitudines
1049 2523 1198 2560 possunt
1219 2514 1362 2548 attribui
1377 2514 1562 2555 scientiae,
1581 2522 1615 2548 et
1635 2513 1800 2555 consilio,

243 2576 429 2613 tamquam
453 2568 704 2611 dirigentibus:
727 2568 787 2601 sed
813 2568 903 2601 inter
930 2569 1023 2600 dona
1040 2568 1251 2613 exc-quentia
1268 2568 1526 2602 distribuuntur
1543 2567 1603 2612 [al.
1619 2569 1803 2602 attribuun-

243 2622 333 2665 !url:
357 2622 403 2655 ita
426 2621 563 2655 scilicet
585 2621 680 2667 quod
705 2621 850 2656 esuries.
879 2630 912 2654 et
935 2621 1008 2654 sitis
1040 2621 1204 2663 iustitiae,
1236 2630 1269 2655 et
1292 2621 1400 2655 etiam
1429 2621 1675 2655 misericordia
1703 2621 1806 2667 perti-

241 2683 349 2708 neant
378 2675 419 2708 ad
452 2675 633 2719 pietatem,
665 2685 755 2719 quae
791 2674 927 2719 perlicit
955 2675 1143 2708 hominem
1172 2675 1206 2707 in
1234 2675 1300 2715 liis,
1328 2686 1419 2720 quae
1446 2683 1528 2708 sunt
1555 2674 1599 2708 ad
1627 2674 1801 2715 alterum3

242 2728 375 2761 minias
399 2736 518 2762 autem
543 2728 584 2761 ad
609 2727 867 2761 fortitudinem.
892 2728 989 2761 Dicit
1011 2728 1106 2761 enini
1132 2728 1347 2761 Ambrosius
1369 2739 1475 2773 super
1498 2727 1634 2761 Lucam
1657 2728 1747 2774 (cup.
1770 2730 1802 2762 6.

241 2788 334 2826 smper
358 2781 458 2814 illud:
485 2783 575 2815 [lauti
600 2782 773 2827 pauperies)
793 2781 887 2825 quod
901 2782 1110 2825 ‚lhtlt'lmlinis
1136 2787 1177 2815 ss!
1201 2783 1285 2815 iram
1310 2783 1450 2822 tv'nrcrc,
1475 2781 1732 2825 indignatiomwn
1754 2792 1803 2814 co-

242 2836 369 2868 hihere:
393 2843 446 2868 est
469 2835 564 2868 enim
589 2834 758 2867 fortitudo
781 2834 874 2867 circa
892 2834 1077 2878 passiones
1094 2834 1299 2868 irascibilis:
1320 2842 1510 2880 paupertas
1525 2845 1624 2874 vero,
1638 2842 1672 2868 et
1686 2833 1802 2867 luctus

243 2889 420 2933 pertinent
440 2888 482 2921 ad
505 2888 641 2921 donum
665 2887 818 2928 timoris,
841 2899 912 2933 quo
936 2887 1049 2921 hoino
1072 2899 1108 2921 se
1137 2888 1285 2922 retr-altit
1311 2899 1330 2921 a
1357 2887 1621 2934 cupiditatibus,
1648 2894 1682 2921 et
1708 2885 1800 2921 dele-

1871 2907 1883 2920 O
