1907 3198
0 1810 10 2040 -v-vvv-
0 1594 9 1788 ἡὴ*

560 227 784 264 QUABSTIO
818 227 936 258 CXIV.
963 225 1210 258 ARTICULUS
1242 226 1303 257 111.
1629 214 1713 271 879

144 317 184 346 ut
202 308 347 345 homini
368 308 533 356 operanti
561 308 762 344 secundum
789 319 893 343 suam
920 308 1089 343 virtutem
1117 308 1218 343 Deus
1239 315 1493 354 recompenset
1514 308 1712 342 secundum

143 361 398 398 eicellentiam
420 373 507 398 suae
525 362 684 397 virtutis:
707 362 736 396 si
758 370 880 397 autem
899 361 1094 408 loquamur
1113 361 1158 396 de
1174 372 1284 408 opere
1299 361 1498 402 meritorio,
1514 361 1713 396 secundum

142 416 241 464 quod
262 415 426 464 procedit
446 426 489 450 ex
511 415 624 462 gratia
647 415 801 462 Spiritus
823 414 960 456 Sancti,
982 415 1032 449 sic
1055 423 1109 450 est
1131 414 1357 449 meritorium
1381 414 1475 449 vitae
1491 423 1656 449 aeternae
1671 426 1715 449 ex

143 469 348 516 condigno:
370 468 420 504 sic
443 469 541 503 enim
559 468 663 503 valor
680 468 798 502 meriti
815 468 1009 503 attenditur
1022 467 1223 503 secundum
1236 467 1406 502 virtutem
1422 467 1574 514 Spiritus
1591 467 1715 502 Sancti

143 521 325 558 moventis
340 531 410 557 nos
423 521 459 556 in
473 522 586 557 vitam
601 529 800 563 aeternam,
819 522 1020 556 secundum
1035 521 1122 556 illud
1134 520 1238 567 Joan.
1253 531 1305 564 4:
1328 521 1400 556 Fiet
1422 522 1455 555 in
1475 521 1597 567 cosons
1611 533 1716 567 aqua„-

142 575 287 611 salientis
311 576 347 610 in
367 575 474 610 vitam
493 580 674 610 aeternam.
697 575 906 610 Attenditur
927 575 1038 609 etiam
1060 575 1215 621 pretium
1239 574 1360 621 operis
1381 574 1581 609 secundum
1604 575 1716 620 digni-

140 635 256 665 tatem
275 628 426 675 gratiae,
455 639 520 676 per
539 639 651 676 quam
673 628 790 662 homo
813 639 964 663 consors
986 627 1102 663 sactus
1124 628 1267 663 divinae
1288 636 1438 662 naturae
1461 628 1654 674 adoptatur
1679 629 1714 663 in

141 681 258 718 filium
278 681 362 725 Dei,
382 681 442 717 cui
462 681 613 717 debetur
633 681 838 716 haereditas
865 693 910 716 ex
932 682 1012 728 ipso
1043 682 1120 728 jure
1150 681 1369 729 adoptionis,
1398 681 1600 716 secundum
1627 681 1714 716 illud

141 733 251 771 Rom.
272 734 327 770 8.:
348 735 386 771 Si
404 734 480 778 filii,
501 740 533 771 et
553 734 715 770 haeredes.

212 787 274 824 AD
298 797 449 824 »numu
471 798 560 836 ergo
581 787 790 830 dicendum,
812 788 909 835 quod
932 787 1134 836 Apostolus
1152 788 1313 836 loquitur
1330 788 1374 824 de
1392 788 1621 835 passionibus
1639 799 1718 823 san-

141 848 285 878 ctorum
305 841 507 877 secundum
529 852 658 877 eorum
681 841 932 877 substantiam.

211 895 274 931 AD
288 904 497 931 SECUNDUM
512 894 721 937 dicendum,
732 895 829 942 quod
844 895 997 930 verbum
1017 895 1113 930 illius
1129 895 1232 931 Glos.
1248 895 1525 942 intelligendum
1541 903 1594 931 est
1607 906 1716 942 quan-

139 957 219 986 tum
239 948 284 985 ad
305 949 462 997 primam
484 960 634 985 causam
655 949 890 996 perveniendi
911 949 955 984 ad
977 950 1090 984 vitam
1117 958 1315 992 aeternam,
1341 961 1433 996 quae
1456 958 1510 984 est
1530 949 1716 984 miseratio

139 1002 230 1039 Dei:
251 1002 424 1039 meritum
446 1010 569 1038 autem
590 1011 758 1038 nostrum
780 1011 835 1038 est
856 1014 966 1038 causa
987 1002 1223 1050 subsequens.

211 1056 273 1092 An
298 1066 472 1092 'rx-:Ruunt
499 1055 708 1098 dicendum,
729 1056 828 1103 quod
850 1057 966 1102 gratia
994 1056 1148 1103 Spiritus
1175 1055 1312 1099 Sancti,
1334 1067 1444 1103 quam
1471 1056 1507 1090 in
1534 1055 1715 1103 praesenti

137 1110 330 1154 habemus,
350 1110 419 1146 etsi
438 1121 514 1145 non
535 1110 581 1146 sit
602 1109 763 1157 aequalis
785 1109 925 1157 gloriae
947 1111 983 1145 in
1003 1119 1098 1153 actu,
1117 1118 1170 1145 est
1188 1120 1312 1146 tamen
1331 1110 1493 1157 aequalis
1512 1111 1549 1144 in
1567 1112 1716 1152 virtute;

139 1163 232 1201 sicut
251 1174 377 1200 semen
400 1163 550 1206 arboris,
572 1163 609 1198 in
631 1174 704 1211 quo
727 1172 780 1198 est
801 1164 913 1198 virtus
935 1165 979 1198 ad
993 1171 1110 1199 totam
1125 1164 1311 1199 arborem:
1335 1172 1369 1199 et
1383 1164 1551 1199 similiter
1563 1175 1627 1211 per
1641 1175 1716 1210 gra-

138 1218 230 1254 tiam
249 1218 427 1254 inhabitat
446 1218 640 1253 hominem
663 1217 817 1264 Spiritus
840 1217 1007 1260 Sanctus,
1026 1218 1087 1265 qui
1106 1226 1159 1253 est
1176 1217 1358 1253 sufficiens
1373 1229 1482 1252 causa
1498 1217 1591 1252 vitae
1607 1226 1718 1252 aeter-

139 1283 230 1316 nae;
251 1271 348 1308 unde
368 1281 404 1307 et
424 1271 555 1307 dicitur
580 1282 658 1306 esse
680 1271 811 1318 pignus
832 1269 1066 1307 baereditatis
1086 1280 1233 1307 nostrae
1255 1281 1287 1306 2.
1310 1271 1354 1306 ad
1376 1270 1464 1306 Cor.
1492 1282 1520 1306 1.

696 1399 1043 1446 ARTICULUS
1071 1400 1149 1444 IV.
1645 1411 1712 1459 613

139 1507 292 1540 unum
306 1507 470 1539 GRATlA
483 1507 552 1538 sn·
564 1507 819 1538 PRINCIPIUM
833 1507 982 1538 MERITI
1000 1507 1300 1538 PRINCIPALIUS
1319 1508 1399 1538 PER
1411 1508 1718 1549 CHARITATEM,

615 1573 742 1609 QUAM
767 1573 846 1604 PER
873 1573 996 1603 ALIAS
1025 1573 1258 1604 VIRTUTES.

159 1660 242 1706 (2-2.
263 1672 295 1708 q.
314 1661 389 1697 182.
410 1665 477 1697 art.
498 1671 530 1696 2.
551 1666 580 1696 ct
597 1672 626 1708 3.
645 1661 734 1696 Dist.
753 1673 807 1708 30.
828 1666 894 1696 art.
913 1672 941 1707 3.
963 1666 992 1695 et
1014 1661 1084 1696 Pot.
1107 1672 1136 1707 q.
1159 1661 1192 1696 6.
1212 1666 1278 1697 art.
1301 1673 1334 1708 9.
1356 1666 1384 1696 et
1406 1662 1501 1698 Rom.
1521 1662 1553 1697 8.
1576 1661 1647 1697 lect.
1666 1674 1694 1708 5.

744 1719 775 1748 et
795 1714 880 1749 Heb.
903 1715 936 1749 6.
959 1714 1031 1749 lect.
1047 1715 1106 1761 3.).

208 1802 270 1838 AD
283 1811 473 1843 QUARTUM
491 1801 543 1837 sic
557 1801 776 1848 proceditur.
790 1801 954 1845 Videtur,
969 1803 1066 1849 quod
1082 1804 1196 1849 gratia
1210 1814 1284 1837 non
1300 1803 1344 1838 sit
1358 1803 1577 1850 principium
1594 1803 1713 1839 meriti

137 1855 372 1904 principalius
393 1866 458 1904 per
478 1856 706 1898 charitatem,
729 1867 838 1903 quam
867 1868 930 1903 per
951 1856 1039 1891 alias
1060 1857 1228 1892 virtutes:
1251 1868 1392 1892 merces
1413 1857 1511 1892 enim
1534 1857 1636 1904 operi
1657 1858 1717 1892 de-

137 1910 254 1953 betur,
273 1909 476 1945 secundum
493 1909 582 1944 illud
604 1909 732 1944 Matth.
756 1919 811 1945 20.
824 1922 832 1945 :
846 1910 940 1945 J'oca
963 1911 1146 1958 operarios,
1162 1916 1192 1946 et
1206 1910 1300 1946 redde
1315 1911 1379 1946 illis
1401 1910 1579 1946 mercedem
1592 1923 1686 1946 suam
1704 1925 1714 1946 .·

135 1963 198 2000 sed
218 1962 400 2011 quaelibet
419 1963 534 1998 virtus
559 1971 614 1998 est
634 1963 852 2010 principium
880 1963 1032 2009 alicujus
1054 1964 1191 2011 operis:
1223 1972 1276 1999 est
1302 1964 1400 1999 enim
1428 1964 1539 1999 virtus
1566 1964 1711 1999 habitus

135 2017 354 2066 operativus,
372 2025 412 2053 ut
431 2028 538 2064 supra
553 2016 719 2052 habitum
733 2026 788 2053 est
802 2017 848 2064 (q.
859 2029 905 2064 55.
920 2023 983 2052 art.
999 2019 1068 2063 2.);
1085 2029 1174 2065 ergo
1189 2017 1371 2065 quaelibet
1386 2018 1497 2053 virtus
1516 2026 1569 2053 est
1585 2030 1713 2066 aequa-

134 2070 217 2108 liter
236 2070 456 2119 principium
470 2070 644 2106 merendi.

204 2134 238 2160 2.
255 2123 495 2161 Ριυιετειιεᾼ.
523 2123 724 2172 Apostolus
745 2124 832 2159 dicit
858 2135 885 2160 1.
913 2124 957 2159 ad
981 2123 1068 2160 Cor.
1095 2136 1144 2171 3.:
1173 2125 1400 2172 Unusquisque
1422 2126 1600 2173 propriam
1630 2137 1715 2160 mar-

133 2177 240 2215 ccdem
265 2178 404 2226 accipiet
421 2177 599 2213 secundum
617 2179 794 2225 proprium
817 2178 986 2213 laborem:
1014 2178 1076 2213 sed
1099 2178 1256 2214 charitas
1283 2179 1400 2226 magis
1423 2179 1593 2213 diminuit
1613 2178 1711 2214 labo-

134 2242 225 2275 rem,
245 2242 357 2279 quam
378 2239 530 2278 augeat;
550 2231 646 2279 quia,
661 2231 754 2266 sicut
775 2232 929 2278 August.
951 2231 1039 2266 dicit
1059 2232 1095 2266 in
1117 2231 1177 2266 lib.
1193 2232 1237 2267 de
1260 2232 1389 2267 Verbis
1412 2233 1523 2267 Doni.
1546 2232 1660 2277 (sarm.
1676 2245 1708 2279 9.

134 2291 208 2333 cap.
225 2296 255 2333 3.
275 2289 307 2321 et
330 2297 428 2321 serm.
449 2296 511 2331 49.
529 2284 568 2320 de
587 2285 730 2332 Temp.),
753 2285 879 2320 omnia
901 2296 1009 2320 saeva
1031 2295 1065 2320 et
1083 2285 1271 2328 immania,
1288 2285 1406 2320 facilia
1421 2295 1456 2321 et
1478 2297 1590 2333 prope
1612 2286 1712 2321 nulla

133 2336 220 2375 facit
239 2349 364 2382 amor;
385 2349 474 2385 ergo
496 2337 654 2373 charitas
668 2349 742 2373 non
764 2346 818 2373 est
832 2338 1066 2386 principalius
1087 2339 1305 2386 principium
1321 2340 1496 2382 merendi,
1514 2351 1624 2386 quam
1644 2339 1715 2375 alia

137 2391 261 2428 virtus.

208 2455 239 2493 3.
258 2443 498 2481 PRAETEREA.
532 2443 598 2480 Illa
620 2436 732 2480 virtus
761 2444 905 2480 videtur
926 2445 1159 2493 principalius
1188 2457 1267 2481 esse
1289 2446 1507 2493 principium
1537 2447 1715 2489 merendi,

133 2498 237 2545 cujus
255 2505 359 2534 actus
378 2506 463 2534 sunt
484 2498 642 2533 maxime
657 2498 852 2534 meritorii:
875 2498 937 2534 sed
960 2499 1118 2534 maxime
1134 2499 1310 2534 meritorii
1325 2500 1491 2534 videntur
1510 2511 1588 2535 esse
1608 2509 1710 2536 actus

132 2550 230 2596 fidei,
249 2559 287 2588 et
310 2551 518 2599 patientiae,
539 2551 614 2587 sive
641 2550 878 2595 fortitudinis;
899 2552 992 2587 sicut
1013 2561 1111 2599 patet
1140 2552 1176 2587 in
1203 2552 1433 2599 Martyribus,
1460 2553 1521 2600 qui
1548 2564 1613 2600 pro
1642 2553 1710 2589 fide

133 2604 322 2654 patienter,
342 2613 379 2641 et
398 2603 539 2640 sortiter
560 2616 673 2653 usque
695 2605 739 2640 ad
768 2614 925 2641 mortem
953 2614 1200 2649 certaverunt3
1222 2617 1311 2653 ergo
1333 2605 1425 2641 aliae
1448 2607 1599 2642 virtutes
1621 2607 1715 2654 prin-

133 2656 286 2706 :ipatius
304 2666 390 2695 sunt
409 2658 628 2707 principium
652 2658 826 2701 merendi,
848 2670 958 2706 quarn
981 2659 1148 2695 charitas.

208 2710 287 2749 Su>
311 2721 468 2749 coum
490 2720 556 2754 est,
581 2711 679 2759 quod
702 2711 884 2747 Dominus
906 2712 1036 2759 Joann.
1064 2723 1114 2756 ¹4.
1137 2712 1246 2748 dicit:
1268 2712 1305 2749 51·
1325 2714 1397 2760 quis
1417 2712 1527 2760 diligit
1553 2726 1615 2757 me,
1637 2713 1709 2749 dili-

133 2769 229 2814 gebar
247 2777 270 2802 a
286 2765 386 2802 Patre
404 2773 489 2808 meo,
517 2770 547 2801 ct
566 2776 622 2812 ego
644 2764 781 2811 diligam
802 2778 888 2808 cum,
910 2771 940 2802 et
962 2767 1177 2813 rnanujeslabo
1199 2768 1228 2802 ci
1246 2768 1427 2814 meipsum:
1454 2767 1517 2802 scd
1540 2767 1576 2802 in
1599 2767 1714 2803 mani·

135 2816 317 2855 festn¹Dei
337 2818 550 2867 cognitione
572 2818 738 2854 consistit
763 2819 836 2854 vita
858 2820 1017 2862 aeterna,
1052 2820 1252 2855 secundum
1280 2819 1366 2855 illud
1389 2820 1494 2866 Joan.
1526 2831 1596 2867 17.:
1619 2821 1713 2856 Hanc

134 2875 180 2908 est
197 2872 273 2909 vita
291 2876 441 2916 neuma,
461 2876 496 2908 ul
525 2878 719 2919 cognoscant
740 2877 781 2915 te,
802 2872 909 2908 solum
925 2874 1033 2908 Deum
1061 2886 1190 2916 verum,
1212 2879 1242 2910 ct
1263 2875 1403 2915 virtum
1422 2886 1511 2921 ergo
1539 2875 1708 2910 meritum

133 2923 230 2962 vitae
249 2933 418 2962 aeternae
439 2925 598 2961 maxime
620 2925 753 2961 residet
777 2937 888 2974 penes
909 2926 1138 2962 charitatem.
