1907 3198
481 196 701 233 QUAESTIO
733 196 854 226 XVIII.
888 196 1135 227 ARTICULUS
1169 196 1228 226 XI.
1561 198 1639 240 159

62 289 146 323 tate,
167 279 226 315 vel
247 292 369 327 parva,
391 291 466 315 non
489 280 635 326 respicit
650 279 816 314 ordinem
832 279 984 314 rationis
1002 279 1038 313 in
1056 279 1168 321 bono,
1183 278 1240 313 vel
1257 277 1368 320 malo,
1391 278 1460 313 nisi
1474 290 1642 325 praesup-

62 335 178 382 posita
193 333 312 381 aliqua
327 334 397 369 alia
413 335 636 376 conditione,
658 345 722 380 per
737 345 848 380 quam
870 342 971 368 actus
986 333 1121 368 habeat
1136 333 1326 376 malitiam,
1345 332 1405 367 vel
1419 333 1640 368 bonitatem:

62 396 147 436 puta
168 389 240 423 hoc
262 388 360 435 quod
383 397 437 423 est
458 401 520 424 esse
538 389 697 430 alienum,
721 388 818 434 quod
842 395 1020 434 repugnat
1042 387 1185 429 rationi,
1209 387 1305 420 unde
1327 386 1456 421 tollere
1480 386 1641 421 alienum

61 443 98 477 in
121 454 266 489 magna,
288 442 346 477 vel
368 455 478 490 parva
502 443 700 489 quantitate
723 453 798 476 non
821 441 1041 476 diversificat
1063 441 1223 486 speciem
1251 441 1410 488 peccati:
1435 448 1558 476 tamen
1582 452 1644 487 po-

61 504 129 532 test
151 508 363 543 aggravare,
384 497 442 532 vel
466 497 668 532 diminuere
698 505 902 543 peccatum.
925 496 969 530 Et
995 497 1163 530 similiter
1191 504 1244 530 est
1271 496 1306 529 in
1335 495 1414 530 aliis
1437 495 1556 537 malis,
1583 495 1641 529 vel

61 550 183 594 bonis;
206 551 301 586 unde
323 562 399 586 non
421 552 541 586 omnis
565 551 836 586 circumstantia
860 550 995 585 addens
1018 552 1054 585 in
1080 551 1254 592 bonitate,
1276 549 1335 584 vel
1362 549 1501 584 malitia
1527 550 1644 584 variat

61 605 222 652 speciem
243 605 394 639 moralis
418 613 530 640 actus.

132 659 194 694 AD
208 670 358 694 PR1MUM
381 671 469 706 ergo
493 659 702 702 dicendum,
724 659 823 706 quod
845 661 881 694 in
903 659 960 693 his
979 670 1071 705 quae
1087 658 1334 700 intenduntur,
1350 666 1385 692 et
1398 658 1641 700 remittuntur,

61 712 263 748 differentia
292 714 517 756 intentionis,
546 722 580 749 et
607 714 832 748 remissionis
862 725 936 748 non
968 712 1187 748 diversificat
1214 713 1391 760 speciem:
1420 713 1513 747 sicut
1543 713 1641 759 quod

60 766 180 802 differt
196 768 233 802 in
256 767 424 803 albedine
451 768 653 803 secundum
674 769 791 814 magis,
815 776 851 803 et
870 769 993 811 minus,
1017 779 1093 802 non
1115 766 1235 802 differt
1256 767 1457 802 secundum
1479 767 1642 813 speciem

60 820 208 857 doloris.
230 822 276 857 Et
295 822 463 858 similiter
483 823 581 869 quod
603 822 690 857 facit
711 822 957 857 diversitatem
978 823 1015 857 in
1034 821 1145 864 bono,
1168 821 1227 856 vel
1249 821 1348 856 malo
1371 821 1574 857 secundum
1593 821 1644 855 in-

59 876 274 920 tentionem,
295 884 331 912 et
356 877 623 920 remissionem,
646 888 722 911 non
749 875 835 911 facit
861 875 1105 911 differentiam
1132 875 1283 911 moralis
1311 884 1412 911 actus
1439 876 1642 911 secundum

59 930 230 977 speciem.

130 984 191 1020 AD
218 995 427 1020 SECUNDUM
450 985 658 1029 dicendum,
681 986 779 1032 quod
810 984 1085 1020 circumstantia
1114 996 1320 1032 aggravans
1350 993 1556 1032 peccatum,
1583 984 1643 1020 vel

59 1050 197 1086 augens
217 1039 419 1075 bonitatem
446 1048 560 1083 actus,
584 1041 804 1087 quandoque
826 1052 901 1075 non
923 1040 1033 1074 habet
1058 1040 1273 1082 bonitatem,
1300 1039 1359 1074 vel
1387 1039 1568 1074 malitiam
1591 1051 1643 1074 se-

59 1093 220 1129 cundum
241 1101 291 1137 se,
313 1095 377 1130 sed
400 1106 464 1141 per
486 1095 654 1129 ordinem
677 1095 721 1129 ad
745 1094 854 1129 aliam
878 1095 1130 1129 conditionem
1152 1102 1266 1137 actus,
1290 1103 1328 1128 ut
1349 1094 1489 1129 dictum
1512 1103 1565 1129 est
1587 1095 1640 1140 (in

59 1149 190 1196 corp.):
213 1157 249 1183 et
269 1149 353 1184 ideo
375 1161 450 1184 non
473 1149 534 1183 dat
555 1160 692 1184 novam
720 1150 894 1196 speciem,
917 1149 979 1184 sed
1004 1158 1113 1196 auget
1131 1149 1346 1192 bonitatem,
1369 1148 1427 1183 vel
1450 1148 1642 1192 malitiam,

59 1213 152 1250 quae
174 1209 228 1238 est
249 1214 293 1238 ex
315 1203 387 1237 alia
409 1203 620 1238 conditione
648 1210 760 1238 actus.

131 1257 192 1292 AD
214 1267 387 1293 TERTIUM
409 1257 617 1300 dicendum,
640 1257 738 1304 quod
760 1269 836 1291 non
859 1256 1042 1304 quaelibet
1064 1257 1338 1292 circumstantia
1360 1257 1499 1292 inducit
1521 1258 1644 1304 singu-

59 1311 175 1347 larem
197 1312 380 1348 defectum
395 1313 598 1348 secundum
612 1313 783 1360 seipsam,
806 1312 870 1347 sed
889 1311 1011 1347 solum
1029 1312 1233 1347 secundum
1249 1312 1417 1347 ordinem
1441 1312 1484 1346 ad
1507 1312 1643 1359 aliquid

60 1366 175 1402 aliud:
199 1375 234 1402 et
260 1367 428 1403 similiter
453 1378 529 1402 non
559 1366 742 1414 quaelibet
772 1367 983 1414 superaddit
1009 1378 1147 1401 novam
1177 1366 1456 1413 perfectionem,
1483 1367 1553 1401 nisi
1580 1379 1644 1414 per

60 1422 379 1470 comparationem
394 1422 439 1457 ad
461 1421 597 1469 aliquid
620 1421 734 1456 aliud:
758 1429 793 1457 et
813 1433 880 1468 pro
895 1429 996 1456 tanto
1012 1421 1098 1456 licet
1113 1430 1246 1468 augeat
1263 1421 1479 1465 bonitatem,
1498 1421 1558 1457 vel
1571 1434 1644 1456 ma-

59 1475 188 1520 litiam,
209 1488 286 1512 non
306 1484 430 1512 tamen
452 1487 598 1523 semper
615 1477 732 1512 variat
753 1477 914 1524 speciem
935 1476 1034 1519 boni,
1055 1476 1115 1511 vel
1138 1476 1236 1511 mali.

583 1714 944 1777 QUAESTIO
986 1714 1128 1763 XIX.

103 1842 167 1874 DE
193 1842 449 1883 BONITATE,
478 1841 539 1874 ET
565 1841 771 1873 MALITIA
796 1841 948 1873 ACTUS
976 1840 1252 1872 INTERIORIS
1278 1840 1596 1879 VOLUNTATIS,

480 1915 532 1946 IN
558 1914 723 1946 DECEM
753 1914 1021 1946 ARTICULOS
1048 1913 1225 1945 DIVISA.

131 2022 276 2058 Deinde
299 2022 608 2058 considerandum
631 2030 685 2058 est
706 2022 750 2057 de
772 2022 936 2057 bonitate
960 2030 1060 2057 actus
1082 2021 1266 2057 interioris
1287 2020 1498 2056 voluntatis.

540 2113 584 2149 Et
605 2114 698 2148 circa
719 2113 778 2148 hoc
800 2117 1009 2159 quaeruntur
1030 2112 1149 2148 dacem.

133 2186 271 2221 Primo.
294 2186 428 2222 Utrum
449 2185 594 2221 bonitas
616 2185 816 2220 voluntatis
839 2185 1044 2232 dependeat
1066 2197 1108 2220 ex
1131 2185 1288 2231 objecto.

133 2241 316 2276 Secundo.
338 2241 472 2276 Utrum
494 2251 537 2276 ex
558 2239 639 2275 solo
661 2241 806 2287 objecto
829 2240 1044 2287 dependeat.

133 2294 273 2330 Tertio.
295 2295 430 2330 Utrum
451 2295 656 2342 dependeat
677 2307 720 2330 ex
741 2294 893 2329 ratione.

133 2349 289 2392 Quarto.
311 2349 445 2385 Utrum
467 2349 671 2397 dependeat
692 2361 735 2385 ex
757 2348 837 2396 lege
861 2357 1017 2384 aeterna.

133 2403 286 2446 Quinto.
309 2404 443 2439 Utrum
464 2405 556 2439 ratio
580 2415 702 2439 errans
725 2403 873 2450 obliget.

133 2457 256 2494 Sexto.
279 2458 413 2494 Utrum
435 2458 605 2494 voluntas
629 2466 756 2494 contra
778 2458 900 2506 legem
918 2458 989 2493 Dei
1010 2470 1166 2505 sequens
1189 2458 1371 2493 rationem
1395 2467 1577 2494 errantem
1599 2459 1643 2494 sit

61 2511 170 2548 mala.

129 2566 311 2615 Septimo.
334 2567 468 2603 Utrum
488 2567 633 2603 bonitas
654 2566 852 2603 voluntatis
875 2568 911 2602 in
933 2568 1001 2610 his,
1025 2579 1118 2615 quae
1141 2576 1224 2603 sunt
1239 2568 1283 2603 ad
1299 2567 1423 2612 finem,
1438 2569 1644 2616 dependeat

63 2631 107 2656 ex
126 2622 326 2657 intentione
353 2621 446 2657 finis.
698 2625 712 2638 “

136 2675 294 2712 Octavo.
316 2676 450 2712 Utrum
471 2677 653 2723 quantitas
679 2677 862 2719 bonitatis,
894 2676 953 2712 vel
988 2676 1149 2712 malitiae
1183 2677 1218 2712 in
1253 2677 1441 2713 voluntate
1476 2686 1646 2725 sequatur

63 2731 301 2777 quantitatem
322 2731 422 2773 boni,
443 2730 502 2766 vel
524 2730 611 2766 mali
632 2731 669 2765 in
690 2731 903 2766 intentione.

132 2783 256 2820 Nono.
278 2784 411 2820 Utrum
432 2784 630 2821 voluntatis
650 2785 794 2821 bonitas
809 2785 1013 2833 dependeat
1027 2797 1069 2820 ex
1084 2785 1342 2822 conformitate
1358 2787 1402 2821 ad
1418 2786 1644 2822 voluntatem

63 2836 234 2874 divinam.

134 2891 304 2928 Decimo.
326 2892 461 2929 Utrum
481 2905 631 2929 necesse
645 2894 701 2937 sit,
715 2894 945 2931 voluntatem
963 2895 1166 2930 humanam
1183 2895 1407 2931 conformari
1423 2896 1567 2932 divinae
1585 2907 1646 2931 vo-

63 2942 193 2981 luntati
213 2945 249 2982 in
269 2946 398 2990 volito,
421 2947 464 2982 ad
486 2947 558 2984 hoc
581 2948 679 2996 quod
700 2949 746 2984 sit
766 2949 874 2985 bona.
