1907 3198
494 205 716 242 QUAESTIO
750 206 885 236 LXXII.
919 206 1166 236 ARTICULUS
1198 206 1273 237 VII.
1577 208 1660 251 513

88 287 244 323 blicaiur:
261 287 388 322 tertius
407 295 471 329 est,
490 299 564 322 cum
579 287 808 322 consuetudinc¹
828 288 1023 322 roboratur:
1043 296 1190 334 quartus
1212 296 1276 330 est,
1294 300 1367 322 cum
1389 300 1487 334 usque
1509 288 1552 323 ad
1568 296 1666 336 prac-

85 342 305 389 sumpu'onem
332 340 468 375 divinae
493 341 752 383 misericordiae,
774 341 828 376 val
848 341 891 376 ad
910 341 1167 388 desperationem
1196 342 1293 376 homo
1315 342 1480 390 procedit:
1507 343 1567 376 ubi
1589 354 1664 377 non

87 393 319 441 distinguitur
338 402 531 441 peccatum
546 394 666 441 operis
685 405 704 428 a
724 402 875 442 peccato
899 395 989 437 oris;
1011 403 1046 430 et
1068 395 1248 430 adduntur
1261 395 1334 430 duo
1351 395 1409 430 alii
1426 404 1663 442 peccatorum

87 447 239 496 gradus3
258 458 347 494 ergo
369 447 631 482 inconveniens
654 447 720 482 fuit
741 450 858 495 prima
880 448 1021 483 divisio.

162 513 191 549 3.
206 501 445 537 PRAETEREA.
460 501 545 536 Non
561 510 680 549 potest
694 514 772 537 esse
789 511 982 550 peccatum
1000 502 1036 537 in
1055 513 1131 545 ore,
1145 502 1203 538 vel
1220 503 1254 537 in
1276 514 1398 550 opere,
1409 503 1476 537 nisi
1492 503 1553 538 fiat
1567 503 1666 550 prius

86 555 124 591 in
145 555 276 598 corde;
298 566 386 602 ergo
409 555 476 590 ista
498 563 648 602 peccata
671 556 792 603 specie
814 567 889 591 non
911 555 1101 599 differunt;
1119 567 1194 591 non
1217 568 1305 603 ergo
1324 556 1458 592 debent
1476 566 1603 591 contra
1626 568 1666 591 se

86 609 245 644 invicem
267 608 389 643 dividi.

160 662 236 698 St-:D
257 673 413 698 CONTRA
429 671 494 705 est,
509 662 606 710 quod
630 662 780 697 Hieron.
804 663 890 698 dicit
912 674 1020 710 super
1041 662 1174 698 Ezech.
1199 663 1268 708 (in
1288 664 1370 698 illud
1391 670 1464 711 cap.
1486 676 1559 711 43.:
1577 663 1665 699 Cum

86 716 305 764 compleveris
323 717 576 764 expiationem):
605 717 689 751 Tria
710 722 786 751 sunt
810 717 979 763 generalia
1006 717 1138 759 delicta,
1166 718 1284 764 quibus
1310 718 1495 752 humanum
1520 719 1666 763 subjacet

85 781 199 818 genus:
219 774 278 805 aut
293 771 382 805 enim
403 771 616 817 cogitatione,
635 775 694 805 aut
713 782 873 812 sermone,
897 775 955 805 aut
976 777 1072 818 opere
1088 778 1275 818 peccamus.

158 823 390 859 RESPONDt-:o
411 823 619 866 dicendum,
641 824 739 871 quod
761 823 882 871 aliqua
904 824 1139 859 inveniuntur
1160 823 1304 860 differre
1327 825 1447 871 specie
1469 824 1660 872 dupliciter:

87 890 154 913 uno
178 877 275 913 modo
302 888 345 912 ex
372 888 417 913 eo
443 877 541 925 quod
563 886 758 925 utrumque
779 878 889 913 habet
910 879 1072 925 speciem
1095 878 1340 926 completam:
1363 879 1456 913 sicut
1477 890 1603 925 equus,
1630 887 1667 913 et

86 932 155 968 bos
175 930 344 967 differunt
365 932 503 979 specie:
526 932 593 967 alio
612 931 706 967 modo
726 941 834 979 prout
851 932 1053 967 secundum
1073 933 1236 968 diversos
1255 933 1388 980 gradus
1410 933 1445 967 in
1469 932 1590 979 aliqua
1609 943 1668 979 ge-

87 986 288 1029 neratione,
312 985 373 1021 vel
399 995 502 1021 motu
524 987 751 1034 accipiuntur
777 986 941 1021 diversae
967 987 1127 1034 species:
1149 987 1242 1021 sicut
1267 986 1473 1022 aedificatio
1493 995 1548 1022 est
1566 998 1666 1022 com-

88 1038 186 1088 pleta
206 1039 393 1087 generatio
415 1040 566 1083 domus;
589 1039 786 1075 collocatio
809 1048 930 1075 autem
949 1039 1188 1083 fundamenti,
1211 1048 1245 1075 et
1267 1041 1402 1075 erectio
1417 1041 1563 1088 parietis
1585 1049 1668 1075 sunt

88 1094 228 1142 species
251 1094 509 1142 incompletae,
535 1102 574 1129 ut
600 1102 698 1141 patet
719 1105 782 1141 per
803 1093 940 1129 Philos.
967 1094 1003 1128 in
1035 1105 1086 1130 10.
1114 1094 1276 1129 Ethicor.
1305 1095 1394 1141 (cap.
1413 1095 1478 1140 4.),
1507 1103 1542 1129 et
1568 1094 1666 1129 idern

88 1147 199 1183 etiam
220 1155 341 1194 potest
360 1147 432 1182 dici
447 1147 483 1182 in
503 1147 798 1194 generationibus
814 1147 1049 1182 animalium:
1072 1149 1122 1183 sic
1149 1148 1259 1195 igitur
1280 1157 1472 1195 peccatum
1497 1148 1668 1183 dividitur

88 1211 152 1249 per
176 1200 268 1236 haec
294 1201 374 1243 tria,
400 1200 559 1236 scilicet:
588 1209 782 1248 peccatum
817 1201 902 1244 oris,
930 1202 1061 1244 cordis,
1083 1210 1119 1236 et
1150 1202 1281 1248 operis,
1312 1213 1386 1236 non
1417 1202 1510 1236 sicut
1531 1213 1594 1248 per
1619 1202 1670 1236 di-

87 1265 209 1291 versas
229 1254 370 1302 species
385 1254 606 1302 completas:
626 1266 713 1289 nam
728 1255 1000 1290 consummatio
1023 1256 1164 1302 peccati
1186 1264 1241 1290 est
1261 1256 1297 1289 in
1321 1266 1451 1302 opere;
1471 1256 1566 1290 unde
1588 1266 1670 1303 pec-

92 1315 212 1344 catum
232 1308 352 1355 operis
373 1308 483 1343 habet
502 1308 663 1356 speciem
687 1308 922 1355 completam.
947 1308 1019 1343 Sed
1034 1310 1153 1356 prima
1174 1309 1363 1344 inchoa-tio
1387 1310 1463 1355 ejus
1486 1318 1539 1344 est
1561 1309 1665 1356 quasi

92 1361 254 1399 fundatio
280 1360 316 1397 in
344 1362 481 1398 cordez‘
499 1362 656 1398 secundus
685 1371 807 1397 autern
838 1363 971 1408 gradus
993 1364 1070 1408 ejus
1097 1371 1149 1397 est
1171 1363 1207 1397 in
1231 1374 1308 1405 ore,
1335 1363 1538 1398 secundum
1569 1363 1667 1409 quod

90 1415 205 1452 homo
230 1415 435 1463 prorumpit
460 1415 567 1451 facile
589 1416 635 1450 ad
656 1415 965 1450 manifestandum
993 1425 1215 1463 conceptum
1244 1417 1382 1451 cordis:
1407 1418 1522 1452 tertius
1544 1426 1668 1451 autem

89 1469 221 1518 gradus
235 1471 312 1517 ‚jam
330 1477 385 1505 est
400 1470 437 1504 in
452 1470 773 1505 consummatione
795 1470 934 1517 operis:
955 1478 992 1505 et
1008 1470 1058 1504 sic
1074 1470 1166 1504 haec
1187 1470 1255 1504 tria
1278 1469 1448 1505 differunt
1462 1471 1666 1505 secundum

89 1523 252 1559 diversos
272 1523 405 1571 gradus
425 1523 576 1570 peccati.
598 1523 704 1559 Patet
723 1532 859 1566 tamen,
878 1523 976 1570 quod
995 1523 1087 1558 haec
1107 1524 1175 1558 tria
1194 1524 1376 1571 pertinent
1395 1525 1439 1559 ad
1459 1536 1570 1558 unam
1593 1536 1670 1571 per-

87 1575 221 1614 fecta-,n
247 1577 388 1624 peccati
408 1577 583 1625 speciem,
610 1589 694 1612 cum
716 1578 760 1612 ab
783 1577 914 1612 eodem
942 1577 1083 1612 motivo
1105 1578 1325 1624 procedant:
1349 1578 1543 1613 iracundus
1565 1578 1666 1612 enim

89 1641 133 1667 ex
151 1631 224 1666 hoc
250 1632 348 1679 quod
375 1631 512 1678 appetit
536 1631 748 1673 vindictam,
763 1633 878 1678 primo
899 1631 1047 1678 quidem
1074 1631 1285 1678 pertubatur
1306 1632 1343 1666 in
1367 1632 1497 1674 corde;
1523 1631 1663 1667 secundo

0 1679 1 1683 ¹
24 1714 30 1719 .
89 1683 126 1720 in
138 1685 247 1721 verba
262 1685 531 1721 contumeliosa
545 1685 766 1733 prorumpit;
781 1687 875 1720 tertio
888 1696 975 1720 vero
990 1686 1156 1732 procedit
1173 1697 1288 1733 usque
1303 1686 1348 1720 ad
1363 1685 1458 1720 facta
1474 1686 1666 1731 injuriosa:

89 1746 125 1774 et
143 1738 243 1775 idem
263 1747 362 1786 patet
382 1739 418 1774 in
439 1738 592 1782 luxuria,
613 1748 649 1774 et
669 1741 704 1774 in
732 1739 894 1786 quolibet
916 1739 988 1773 alio
1010 1747 1176 1786 peccato.

161 1792 222 1828 An
240 1803 390 1828 ΡκιΜυΜ
411 1803 501 1840 ergo
522 1793 731 1835 dicendum,
753 1793 850 1840 quod
873 1803 984 1827 omne
1007 1801 1200 1840 peccatum
1224 1793 1344 1828 cordis
1367 1794 1539 1828 convenit
1556 1794 1592 1828 in
1615 1805 1668 1828 ra-

88 1845 188 1883 tione
202 1846 358 1882 occulti:
373 1854 408 1882 et
422 1846 623 1882 secundum
637 1846 709 1881 hoc
726 1847 872 1893 ponitur
886 1858 979 1881 unus
995 1846 1146 1892 gradus:
1163 1847 1223 1894 qui
1237 1855 1362 1882 tamen
1376 1859 1439 1894 per
1453 1853 1518 1883 tres
1532 1847 1668 1894 gradus

90 1899 332 1948 distinguitur,
353 1900 509 1936 scilicet:
530 1902 750 1947 cogitationis,
770 1900 1001 1942 delectationis,
1022 1909 1057 1935 et
1074 1912 1252 1936 consensus.

160 1954 223 1990 AD
244 1963 452 1990 SECUNDUM
473 1954 682 1996 dicendum,
704 1954 802 2001 quod
832 1962 1025 2001 peccatum
1055 1954 1140 1997 oris,
1167 1963 1202 1989 et
1231 1954 1351 2001 operis
1379 1955 1603 1990 conveniunt
1631 1955 1666 1989 in

93 2006 408 2044 manifestatione:
431 2016 466 2044 et
486 2016 635 2056 propter
655 2008 727 2042 hoc
751 2019 794 2042 ea
817 2007 1018 2054 Gregorius
1042 2008 1120 2052 (loc.
1144 2010 1198 2043 cit.
1220 2009 1254 2042 in
1277 2010 1365 2055 arg.)
1389 2009 1454 2043 sub
1474 2020 1547 2043 uno
1569 2019 1670 2043 com-

40 2055 49 2063 ⁴
90 2068 208 2109 putat:
236 2061 386 2097 Hieron.
410 2070 532 2097 autem
555 2062 632 2107 (loc.
655 2063 711 2097 cit.
735 2063 770 2096 in
784 2073 856 2108 arg.
874 2061 926 2096 sed
944 2062 1048 2106 conl.)
1063 2062 1251 2109 distinguit
1273 2074 1335 2098 ea:
1357 2063 1441 2109 quia
1456 2063 1491 2097 in
1514 2071 1666 2109 peccato

92 2114 166 2150 oris
186 2123 241 2151 est
261 2115 508 2151 manifestatio
528 2124 683 2158 tanturn,
705 2124 741 2150 et
762 2115 1009 2163 principaliter
1030 2116 1183 2150 intenta:
1207 2116 1243 2150 in
1262 2125 1414 2164 peccato
1436 2127 1523 2151 vero
1547 2117 1668 2164 operis

92 2175 146 2204 est
165 2167 410 2217 principaliter
435 2169 592 2218 expletio
613 2170 795 2204 interioris
818 2178 1017 2216 conceptus
1039 2170 1171 2212 cordis,
1193 2170 1256 2205 sed
1279 2169 1527 2205 manifestatio
1550 2178 1605 2205 est
1623 2182 1667 2205 ex

87 2223 348 2270 consequenti:
371 2223 599 2259 consuetudo
621 2234 721 2266 vero,
743 2232 779 2258 et
799 2223 1004 2270 desperatio
1031 2232 1115 2258 sunt
1132 2224 1266 2270 gradus
1293 2233 1558 2271 consequentes
1585 2233 1668 2271 post

38 2290 44 2295 ·
91 2277 251 2323 speciem
272 2275 471 2324 perfectam
500 2277 660 2325 peccati:
690 2277 784 2312 sicut
811 2276 1070 2320 adolescentia,
1105 2286 1140 2312 et
1165 2279 1333 2324 juventus
1359 2287 1441 2325 post
1467 2277 1666 2325 perfectam

91 2327 253 2365 hominis
279 2330 566 2378 generationem.

164 2382 225 2419 AD
246 2393 418 2420 TERTtUM
441 2385 648 2427 dicendum,
667 2384 764 2432 quod
786 2393 978 2432 peccatum
1002 2385 1134 2427 cordis,
1156 2393 1191 2420 et
1209 2385 1283 2420 oris
1304 2397 1378 2420 non
1398 2385 1669 2431 distinguuntur

93 2445 116 2472 a
131 2445 284 2484 peccato
304 2438 436 2486 operis,
458 2438 605 2486 quando
628 2438 737 2474 simul
759 2449 843 2473 cum
871 2449 915 2473 eo
943 2439 1232 2485 conjunguntur:
1260 2439 1321 2474 sed
1345 2448 1452 2486 prout
1479 2439 1667 2486 quodlibet

50 2538 52 2541 ι
91 2488 226 2526 horum
247 2502 311 2539 per
331 2503 370 2527 se
390 2492 591 2527 invenitur:
613 2492 706 2527 sicut
720 2492 830 2527 etiam
845 2503 926 2539 pars
941 2500 1064 2527 motus
1083 2503 1156 2526 non
1172 2492 1404 2538 distinguitur
1419 2505 1437 2527 a
1453 2502 1532 2527 toto
1551 2501 1668 2535 motu,

93 2543 242 2592 quando
261 2553 385 2582 motus
406 2549 461 2582 est
481 2546 689 2589 continuus,
710 2545 773 2581 sed
795 2544 916 2581 solum
938 2546 1085 2592 quando
1108 2555 1231 2582 motus
1254 2547 1346 2582 sistit
1365 2547 1401 2581 in
1424 2547 1558 2581 medio.
