1875 3198
239 184 326 237 726
693 194 916 230 QUAESTIO
951 194 991 223 C.
1025 193 1270 224 ARTICULUS
1304 194 1361 222 IX.

801 363 1146 408 ARTICULUS
1172 364 1251 406 IX.
1740 377 1804 424 538

354 473 508 502 UTRUM
540 471 690 500 MODUS
723 471 928 500 VIRTUTIS
963 471 1112 500 CADAT
1146 471 1223 500 SUB
1256 471 1508 501 PRAECEPTO
1541 455 1678 501 [ΕΟ-13.

426 559 540 604 (Supr.
557 570 586 604 q.
603 558 659 603 96.
675 562 737 592 art.
750 570 777 604 3.
793 557 835 591 ad
849 569 880 593 2.
894 563 925 592 et
937 569 1007 592 2-2.
1021 569 1050 603 q.
1065 568 1122 602 44.
1137 563 1200 591 art.
1215 569 1248 602 4.
1264 558 1305 591 ad
1318 570 1346 593 Ι.
1361 563 1389 592 et
1402 563 1466 592 art.
1480 559 1512 593 8.
1527 564 1616 604 corp.

267 618 297 647 et
316 625 347 648 2.
370 613 458 647 Dist.
481 613 534 647 28.
553 617 616 645 art.
632 624 660 657 3.
680 617 768 656 corp.
785 616 812 645 et
825 622 858 655 4.
877 611 966 645 Dist.
986 623 1029 657 15.
1049 622 1078 656 q.
1094 623 1122 657 3.
1143 616 1206 645 art.
1225 622 1257 655 4.
1277 616 1307 645 at
1325 611 1408 645 Mal.
1427 623 1457 657 q.
1476 623 1507 646 2.
1527 616 1590 646 art.
1609 623 1642 656 4.
1662 611 1704 646 ad
1723 612 1782 658 7.).

308 702 367 735 AD
389 711 531 735 NONUM
558 700 607 734 sic
635 699 852 745 proceditur.
880 698 1043 740 Videtur,
1066 698 1163 745 quod
1185 699 1315 733 modus
1336 699 1476 734 virtutis
1499 699 1604 734 cadat
1623 699 1688 733 sub
1710 711 1808 746 prae-

237 762 342 800 cepto
364 754 476 799 legis:
500 761 553 787 est
570 753 667 787 enim
683 753 814 787 modus
832 752 983 794 virtutis,
1003 760 1041 786 ut
1060 751 1186 798 aliquis
1206 753 1298 798 juste
1314 760 1482 798 operetur
1495 753 1600 798 justa,
1619 760 1654 787 et
1669 751 1808 787 fortiter

235 807 354 849 fortia,
377 815 411 841 et
433 806 596 841 similiter
618 807 661 840 de
684 805 761 840 aliis
783 805 989 840 virtutibus:
1013 806 1075 839 sed
1097 805 1380 840 Deuteronomii
1405 804 1457 839 16.
1477 806 1706 852 praecipitur,
1723 808 1808 852 juste

236 861 321 907 qnod
338 863 464 906 justum
489 866 534 894 est
559 861 745 905 exemerim
771 870 857 905 ergo
880 859 1011 892 modus
1034 859 1174 892 virtutis
1198 859 1293 892 cadit
1314 859 1378 893 sub
1400 867 1607 905 praecepto.

309 924 339 947 2.
362 914 598 948 PRAETEREA.
621 912 713 947 Illud
735 912 893 946 maxime
917 912 1012 946 cadit
1033 912 1097 945 sub
1120 919 1326 958 praecepto,
1349 912 1446 958 quod
1468 919 1520 946 est
1542 912 1586 946 de
1607 912 1808 947 intentione

236 966 472 1012 legislatoris:
504 966 566 1000 sed
592 966 744 1000 intentio
772 964 990 1011 legislatoris
1014 965 1057 999 ad
1078 965 1150 999 hoc
1172 964 1283 999 fertur
1303 964 1558 1010 principaliter,
1581 973 1620 999 ut
1639 965 1809 1000 homines

235 1019 343 1054 faciat
363 1020 556 1061 virtuosos,
576 1019 669 1053 sicut
688 1019 817 1052 dicitur
835 1018 871 1051 in
890 1028 921 1051 2.
941 1018 1057 1052 Ethic.
1077 1018 1168 1064 (cap.
1188 1030 1216 1053 Ι.
1235 1029 1255 1052 a
1273 1018 1355 1053 med.
1376 1023 1404 1052 et
1421 1018 1476 1052 lib.
1496 1030 1524 1053 I.
1547 1025 1617 1065 cap.
1630 1030 1662 1065 9.
1681 1024 1711 1054 et
1727 1020 1807 1066 13.):

236 1073 386 1107 virtuosi
408 1081 529 1106 autem
552 1080 605 1106 est
625 1072 784 1106 virtuose
807 1083 934 1117 agere3
963 1082 1049 1117 ergo
1077 1071 1207 1105 modus
1233 1071 1373 1105 virtutis
1396 1071 1491 1105 cadit
1516 1071 1580 1105 sub
1602 1080 1807 1117 praecepto.

311 1138 340 1172 3.
363 1126 600 1160 PRAETEREA.
623 1125 754 1159 Modus
781 1125 920 1159 virtutis
942 1124 1087 1170 proprie
1110 1136 1188 1159 esse
1209 1124 1361 1166 videtur,
1384 1132 1422 1159 ut
1444 1124 1572 1171 aliquis
1593 1124 1809 1167 voluntarie,

237 1188 271 1214 et
293 1179 552 1214 delectabiliter
572 1186 762 1224 operetur:
786 1179 847 1213 sed
870 1179 941 1212 hoc
966 1178 1061 1212 cadit
1081 1178 1145 1212 sub
1169 1186 1362 1224 praecepto
1385 1177 1475 1224 legis
1497 1178 1658 1213 divinae:
1681 1179 1810 1213 dicitur

236 1233 334 1267 enim
356 1234 391 1267 in
412 1233 469 1267 Ps.
493 1244 566 1279 oq:
589 1233 714 1267 Sar-vite
737 1233 886 1266 Domino
905 1233 940 1265 in
968 1232 1105 1266 laetitia.
1129 1231 1173 1265 Et
1194 1241 1225 1265 2.
1250 1231 1293 1265 ad
1316 1231 1402 1265 Cor.
1425 1242 1475 1278 9.:
1498 1232 1577 1266 Non
1597 1243 1637 1266 ex
1658 1233 1807 1274 tristitia,

236 1291 294 1320 aut
319 1298 357 1320 ex
375 1287 579 1326 necessitata;
608 1286 747 1320 hilarem
765 1287 852 1319 enim
871 1285 1020 1320 datorem
1043 1284 1153 1330 diligit
1171 1285 1284 1319 Deus:
1313 1285 1372 1319 ubi
1396 1284 1498 1319 Glos.
1523 1284 1690 1329 (ordinar.
1717 1286 1808 1331 Aug.

237 1341 271 1373 in
302 1339 389 1374 Psal.
413 1351 462 1386 91.
496 1345 570 1374 anta
596 1339 695 1384 med.)
725 1339 827 1372 dicit:
858 1338 1031 1384 Quidquid
1058 1339 1136 1372 boni
1154 1338 1256 1384 sacis,
1279 1350 1353 1372 cum
1380 1338 1550 1373 hilaritate
1568 1338 1652 1384 [αα
1679 1342 1707 1373 et
1733 1344 1810 1373 tunc

238 1394 312 1427 bane
326 1393 438 1438 fanis,-
461 1394 488 1427 si
509 1397 617 1427 mitem
638 1404 712 1426 cum
736 1393 872 1426 tristitia
887 1392 989 1437 facis,
1008 1392 1051 1437 fit
1077 1391 1112 1425 de
1139 1397 1178 1433 te,
1202 1403 1266 1425 non
1294 1396 1326 1425 tu
1353 1392 1454 1434 facis;
1478 1402 1565 1437 ergo
1588 1391 1720 1426 modus
1740 1391 1810 1426 vir-

236 1446 320 1480 tutis
343 1446 438 1480 cadit
459 1446 523 1479 sub
546 1453 739 1490 praecepto
763 1444 864 1490 legis.

308 1499 382 1534 SED
410 1509 576 1533 CONTRA.
604 1498 735 1532 Nullus
762 1506 881 1543 potest
908 1498 1049 1543 operari
1083 1509 1127 1532 eo
1163 1498 1286 1540 modo,
1314 1508 1385 1543 quo
1420 1505 1590 1542 operatur
1614 1498 1808 1539 virtuosus,

236 1552 303 1587 nisi
329 1553 461 1586 habeat
486 1552 650 1586 habitum
676 1551 827 1593 virtutis,
855 1560 893 1585 ut
918 1559 1014 1597 patet
1041 1562 1102 1596 per
1129 1550 1265 1585 Philos.
1294 1551 1330 1584 in
1357 1560 1388 1584 2.
1416 1550 1576 1585 Ethicor.
1612 1551 1700 1598 (cap.
1734 1551 1808 1596 4.).·

236 1605 454 1651 quicumque
471 1613 592 1639 autem
607 1605 867 1650 transgreditur
882 1613 1115 1650 praeceptum
1129 1604 1220 1649 legis
1236 1611 1394 1638 meretur
1408 1614 1582 1649 poenam:
1602 1612 1810 1651 sequeretur

236 1670 334 1704 crgo,
362 1659 459 1704 quod
485 1658 545 1692 ille
572 1658 634 1704 qui
658 1669 733 1692 non
754 1658 865 1692 habet
890 1658 1053 1691 habitum
1075 1657 1226 1698 virtutis,
1249 1657 1421 1703 quidquid
1442 1656 1588 1700 faceret,
1610 1665 1811 1692 mereretur

236 1723 410 1757 poenam:
440 1712 512 1745 hoc
540 1719 662 1745 autem
689 1719 740 1745 est
769 1719 894 1745 contra
921 1711 1161 1745 intentionem
1187 1710 1289 1756 legis,
1317 1721 1408 1756 quae
1434 1710 1587 1744 intendit
1607 1710 1809 1752 hominem,

236 1764 509 1799 assuefaciendo
529 1765 573 1798 ad
594 1765 690 1798 bona
713 1775 834 1810 opera,
854 1764 1024 1798 inducere
1045 1764 1089 1798 ad
1107 1764 1296 1806 virtutem;
1317 1774 1392 1798 non
1411 1774 1498 1809 ergo
1517 1763 1648 1798 modus
1669 1764 1810 1800 virtutis

236 1819 332 1852 cadit
352 1819 415 1852 sub
438 1826 644 1863 praecepto.

315 1872 545 1906 RESPONDEO
568 1871 774 1913 dicendum,
797 1871 905 1917 quod,
925 1872 1016 1905 sicut
1037 1882 1144 1917 supra
1165 1871 1303 1905 dictum
1325 1878 1378 1905 est
1397 1870 1442 1917 (q.
1458 1882 1514 1917 90.
1537 1876 1602 1906 art.
1619 1883 1646 1918 3.
1670 1870 1722 1905 αᾱ.
1745 1871 1808 1916 2.),

236 1934 468 1972 praeceptum
491 1925 582 1971 legis
604 1925 712 1959 habet
733 1925 806 1958 vim
828 1925 1050 1966 coactivam3
1065 1923 1152 1958 illud
1169 1935 1256 1970 ergo
1272 1924 1405 1958 directe
1425 1923 1522 1958 cadit
1535 1924 1599 1958 sub
1615 1932 1809 1970 praecepto

235 1979 338 2024 legis,
361 1980 404 2013 ad
427 1979 523 2025 quod
545 1978 601 2012 lex
624 1979 740 2024 cogit:
765 1978 907 2012 coactio
932 1986 1052 2011 autem
1075 1977 1164 2023 legis
1188 1986 1242 2011 est
1263 1988 1326 2022 per
1352 1985 1490 2011 metum
1518 1988 1671 2024 poenae,
1697 1985 1736 2012 ut
1763 1977 1811 2011 di-

236 2033 328 2066 citur
349 2033 385 2066 in
411 2043 461 2067 10.
485 2032 565 2066 Eth.
591 2031 677 2078 (cap.
700 2032 775 2077 ult.)
791 2045 800 2065 .·
824 2043 909 2065 nam
932 2031 1020 2064 illud
1043 2030 1186 2077 proprie
1209 2031 1304 2065 cadit
1325 2030 1389 2065 sub
1409 2038 1604 2077 praecepto
1626 2030 1728 2077 legis,
1744 2042 1808 2077 pro

236 2097 308 2131 quo
330 2097 448 2131 poena
473 2085 561 2131 legis
583 2084 774 2131 infligitur:
798 2084 840 2118 ad
863 2085 1122 2118 instituendam
1146 2093 1267 2118 autem
1286 2095 1442 2130 poenam
1459 2083 1562 2118 aliter
1579 2095 1616 2118 se
1631 2084 1740 2118 habet
1753 2084 1809 2119 lex

236 2139 368 2180 divina,
391 2147 424 2173 et
447 2139 549 2173 aliter
571 2139 627 2172 lex
649 2139 831 2173 humana:
853 2150 928 2172 non
950 2138 1188 2184 enimpoena
1211 2138 1300 2183 legis
1323 2137 1506 2184 infligitur,
1536 2138 1606 2173 nisi
1635 2149 1700 2185 pro
1725 2138 1808 2180 illis,

236 2192 279 2226 de
301 2192 429 2238 quibus
451 2192 637 2237 legislator
658 2192 767 2226 habet
788 2192 966 2237 judicare:
991 2193 1074 2238 quia
1097 2203 1138 2226 ex
1161 2191 1295 2237 judicio
1318 2191 1376 2226 lex
1397 2192 1514 2238 punit:
1537 2192 1652 2226 homo
1675 2200 1809 2234 autern,

235 2246 295 2292 qui
318 2254 371 2280 est
392 2246 482 2291 legis
506 2245 598 2280 lator
620 2246 814 2287 humanae,
837 2256 911 2279 non
934 2245 1042 2279 habet
1063 2245 1222 2290 judicare
1244 2245 1313 2279 nisi
1336 2245 1379 2279 de
1398 2245 1634 2280 exterioribus
1653 2245 1808 2280 actibus:

236 2300 320 2346 quia
341 2300 486 2334 homines
506 2299 617 2334 <vidant
638 2311 687 2341 cu,
710 2310 792 2344 qua:
809 2304 943 2345 put-ent,
971 2306 1008 2333 ut
1031 2299 1160 2332 dicitur
1187 2309 1213 2332 1.
1238 2298 1382 2344 Regum
1409 2297 1481 2332 16.:
1504 2298 1566 2332 sed
1588 2298 1701 2333 solius
1727 2298 1809 2341 Dei,

236 2353 297 2399 qui
317 2361 369 2387 est
390 2353 485 2387 lator
507 2352 597 2398 legis
620 2352 774 2394 divinae,
797 2361 849 2386 est
871 2352 1030 2397 judicare
1053 2352 1096 2386 de
1123 2351 1353 2386 interioribus
1381 2351 1540 2386 motibus
1566 2351 1809 2394 voluntatum,

236 2407 437 2441 secundum
460 2406 547 2440 illud
570 2406 627 2440 Ps.
652 2417 702 2451 7.:
726 2406 884 2441 Scrutans
906 2406 1020 2448 corda,
1042 2411 1071 2440 ct
1091 2418 1182 2441 renes
1202 2407 1302 2441 Deus.
1326 2406 1537 2440 Secundum
1555 2407 1626 2441 hoc
1641 2408 1749 2453 igitur
1763 2407 1812 2441 di-

237 2460 393 2495 cendum
417 2469 480 2502 cst,
504 2460 601 2506 quod
624 2459 754 2493 modus
777 2459 916 2493 virtutis
943 2467 1119 2505 quantum
1147 2459 1190 2493 ad
1218 2459 1352 2505 aliquid
1379 2459 1568 2506 respicitur
1595 2471 1614 2494 a
1641 2460 1721 2506 lege
1747 2460 1811 2494 hu-

237 2525 356 2555 mana,
380 2521 414 2547 et
436 2513 576 2555 divina;
595 2520 770 2559 quantum
794 2513 836 2546 ad
857 2512 989 2559 aliquid
1014 2521 1134 2547 autem
1159 2525 1177 2547 a
1211 2513 1291 2559 lege
1320 2513 1452 2555 divina,
1483 2513 1546 2548 sed
1577 2524 1650 2548 non
1682 2525 1701 2547 a
1727 2512 1808 2559 lege

236 2567 419 2608 humanm
441 2570 616 2612 quantuni
639 2567 681 2600 ad
706 2565 838 2611 aliquid
862 2578 949 2600 vcro
972 2578 1036 2600 nec
1067 2578 1084 2599 :1
1115 2566 1195 2612 lege
1222 2567 1395 2607 humana,
1422 2577 1487 2600 nec
1516 2578 1535 2601 a
1563 2567 1643 2613 lege
1669 2567 1808 2600 divina:

237 2620 368 2654 modus
385 2628 505 2654 autem
526 2619 664 2654 virtutis
679 2619 713 2652 in
727 2620 829 2653 tribur
844 2620 1017 2661 consistit,
1033 2619 1233 2653 secundum
1248 2619 1386 2653 Philos.
1399 2620 1434 2653 in
1455 2629 1485 2654 2.
1502 2619 1618 2654 Ethic.
1634 2621 1724 2667 (cap.
1738 2621 1808 2664 4.),·

237 2685 393 2719 quorum
411 2675 562 2719 primum
587 2681 649 2714 est,
672 2673 700 2707 si
725 2672 852 2718 aliquis
875 2682 1042 2718 operetur
1064 2673 1200 2707 sciens:
1223 2673 1293 2707 hoc
1325 2681 1446 2707 autem
1475 2673 1700 2718 dijudicatur,
1728 2681 1763 2708 et
1789 2684 1808 2707 a

237 2726 317 2771 lege
341 2726 473 2767 divina,
496 2735 530 2760 ct
553 2738 571 2759 ιι
594 2726 672 2770 lege
695 2726 867 2765 humana,
887 2726 982 2771 quod
1007 2726 1103 2760 cuim
1120 2726 1248 2772 aliquis
1266 2725 1351 2760 facit
1366 2727 1548 2772 ignorans,
1563 2737 1626 2773 per
1641 2726 1809 2761 accidens

239 2779 340 2813 facit:
366 2780 458 2814 uude
482 2780 680 2813 secundum
711 2779 954 2824 ignorantiam
987 2779 1106 2825 aliqua
1136 2780 1378 2823 dijudicantur
1406 2780 1449 2814 ad
1480 2790 1650 2826 poenam,
1680 2779 1737 2814 vel
1764 2779 1808 2814 ad
1851 2769 1856 2780 ¹

239 2832 395 2874 veniam,
417 2841 491 2866 tam
509 2833 708 2867 secundum
732 2832 851 2877 legem
874 2833 1086 2873 humanam,
1115 2844 1224 2878 quam
1250 2833 1451 2867 secundum
1479 2833 1600 2879 legem
1626 2833 1806 2867 divinam:
1859 2831 1865 2851 ’·

237 2886 411 2920 iocundum
437 2895 556 2920 autem
580 2895 643 2927 cst,
667 2894 703 2920 ut
726 2885 853 2932 aliquis
873 2894 1040 2931 operetur
1066 2886 1204 2926 volens,
1232 2885 1289 2920 vel
1317 2885 1466 2932 eligens,
1493 2895 1528 2921 et
1559 2894 1707 2933 propter
1736 2887 1806 2921 hoc
