1955 3182
298 195 353 238 70
745 192 964 228 QUAESTIO
998 193 1038 221 V.
1072 191 1315 221 ARTICULUS
1348 190 1439 220 VIII.

830 378 1174 424 ARTICULUS
1201 378 1324 422 VIII.
1815 385 1863 419 40

528 489 681 519 UTRUM
714 488 846 518 OMNIS
882 487 1010 516 HOMO
1046 487 1244 516 APPETAT
1277 486 1624 517 BEATITUDINEM.

457 590 558 635 (Infr.
585 601 613 634 q.
631 601 679 623 10.
704 592 766 621 art.
790 600 817 622 1.
839 592 869 621 et
890 598 920 621 2.
943 592 973 622 et
988 591 1079 633 part.
1102 599 1128 622 1.
1151 599 1180 632 q.
1208 599 1258 633 19.
1281 591 1344 621 art.
1372 599 1398 621 1.
1421 591 1492 632 atq.
1507 587 1561 621 82.
1588 592 1653 621 art.
1676 599 1702 621 ι.

364 648 392 678 et
413 644 468 678 lib.
491 655 521 677 2.
542 642 657 676 Contr.
684 651 713 686 g.
742 647 812 686 cap.
836 641 890 675 88.
913 645 942 675 ut
964 640 1018 674 lib.
1038 652 1067 686 3.
1089 646 1159 687 cap.
1183 652 1236 686 97.
1278 645 1305 674 el
1339 640 1424 674 Vari.
1452 651 1481 685 q.
1509 651 1561 674 22.
1584 645 1639 674 art
1656 652 1685 685 5.
1708 645 1737 674 et
1763 639 1795 674 6.

633 700 660 729 ct
683 695 766 728 Mal.
790 706 819 740 q.
843 694 875 729 6.
897 699 961 728 art.
983 705 1016 738 4.
1039 700 1127 740 corp.
1150 699 1219 740 et3.
1243 694 1350 729 Ethic.
1373 705 1454 728 com.
1473 694 1531 739 5.).

366 798 425 832 AD
449 806 636 831 OCTAVUM
664 795 713 829 sic
737 795 953 841 proceditur.
976 795 1138 837 Videtur,
1166 794 1262 840 quod
1284 805 1358 828 non
1381 804 1508 828 omnes
1531 801 1700 840 appetant
1718 793 1865 828 beatitu-

300 851 440 885 dinem:
464 850 582 883 nullus
606 849 703 882 enim
725 856 843 895 potest
865 856 1031 895 appetere
1047 848 1144 894 quod
1159 849 1320 894 ignorat3
1341 859 1424 881 cum
1442 847 1580 881 bonum
1599 847 1863 894 apprehensum

300 905 345 939 sit
367 905 550 949 objectum
574 903 762 948 appetitus,
788 910 827 936 ut
863 903 992 936 dicitur
1013 902 1048 936 in
1071 914 1099 948 3.
1123 902 1165 936 de
1188 902 1322 935 Anima
1342 902 1420 946 (tex.
1447 913 1502 948 29.
1522 906 1549 935 et
1565 901 1655 948 34.):
1677 901 1740 936 sed
1761 900 1866 935 multi

299 958 475 998 nesciunt,
499 950 582 1002 quid
605 956 649 990 sit
670 956 867 998 beatitudo,
887 956 995 1002 quod,
1015 956 1107 989 sicut
1128 955 1281 1000 August.
1297 955 1383 989 dicit
1396 955 1431 988 in
1450 965 1502 1000 13.
1521 954 1564 989 de
1580 953 1709 988 Trinit.
1724 956 1811 1001 (cap.
1832 965 1864 999 4.

299 1013 359 1046 cir.
377 1012 517 1057 prinu),
530 1018 627 1056 patet
648 1021 690 1043 ex
708 1010 792 1052 hoc,
812 1009 908 1055 quod
928 1009 1062 1055 qnidam
1077 1017 1274 1055 posuerunt
1287 1008 1547 1042 beatitudinem
1565 1008 1602 1042 in
1622 1007 1866 1055 voluptatibus

299 1065 472 1110 corporis,
494 1063 628 1109 quidam
657 1064 694 1097 in
724 1063 854 1097 virtute
886 1063 1041 1104 animae,
1067 1062 1204 1108 quidam
1225 1062 1261 1096 in
1283 1061 1362 1096 aliis
1388 1062 1511 1105 rebus;
1532 1073 1607 1096 non
1629 1073 1716 1108 ergo
1739 1073 1868 1097 omnes

301 1117 560 1153 beatitudinem
583 1125 764 1163 appetunt.

373 1181 403 1205 2.
427 1172 664 1205 PRAETEREA.
686 1170 849 1205 Essentia
871 1170 1100 1205 beatitudinis
1116 1178 1168 1204 est
1188 1170 1280 1204 visio
1300 1170 1475 1205 essentiae
1496 1169 1650 1212 divinae,
1672 1178 1712 1204 ut
1731 1169 1868 1204 dictum

303 1234 355 1260 est
373 1227 417 1271 (q.
437 1238 464 1271 3.
488 1231 552 1260 art.
580 1226 649 1270 S.).·
673 1224 735 1259 sed
758 1224 867 1270 aliqui
895 1224 1098 1270 opinantur,
1120 1225 1192 1258 hoc
1215 1235 1291 1258 esse
1313 1223 1548 1270 impossibile,
1567 1223 1664 1270 quod
1685 1224 1785 1258 Deus
1806 1234 1869 1269 per

301 1280 495 1314 essentiam
518 1279 560 1312 ab
582 1279 734 1313 homine
756 1278 939 1312 videatur:
963 1278 1057 1312 unde
1076 1278 1147 1312 hoc
1163 1289 1237 1312 non
1257 1285 1438 1324 appetunt3
1454 1288 1542 1324 ergo
1563 1288 1638 1312 non
1661 1288 1790 1312 omnes
1806 1277 1870 1311 ho-

305 1333 421 1367 mines
444 1340 614 1379 appetunt
631 1332 901 1367 beatitudinem.

375 1398 403 1432 3.
427 1386 663 1421 PRAETEREA.
699 1386 923 1432 Augustinus
950 1385 1036 1419 dicit
1068 1385 1104 1419 in
1139 1397 1190 1431 13.
1217 1385 1261 1420 de
1288 1384 1417 1420 Trinit.
1440 1386 1531 1432 (cap.
1549 1397 1577 1432 5.
1596 1387 1632 1420 in
1652 1386 1744 1431 fin),
1772 1384 1870 1430 quod

303 1441 428 1474 beatus
447 1448 510 1482 est,
534 1441 594 1486 qui
615 1440 724 1474 habet
757 1440 879 1474 onmia
903 1450 993 1485 quae
1014 1438 1102 1480 vult,
1136 1447 1170 1473 et
1203 1438 1294 1473 nihil
1316 1439 1411 1473 male
1432 1439 1526 1474 vult:
1554 1439 1616 1473 sed
1645 1450 1720 1473 non
1742 1449 1870 1473 omnes

303 1496 374 1529 hoc
396 1494 525 1528 volunt
542 1506 548 1527 :
574 1493 721 1539 quidam
741 1494 838 1527 enim
856 1492 951 1527 male
975 1492 1094 1538 aliqua
1112 1492 1250 1535 volunt,
1278 1501 1312 1527 et
1332 1501 1455 1527 tamen
1475 1492 1604 1527 volunt
1624 1492 1686 1527 illa
1707 1503 1744 1527 se
1765 1491 1870 1534 velle;

304 1560 378 1583 non
397 1559 484 1594 ergo
508 1559 636 1582 omnes
657 1547 786 1581 volunt
806 1546 1077 1581 beatitudinem.

377 1601 451 1636 SED
475 1611 630 1636 CONTRA
654 1608 716 1643 est,
732 1601 828 1646 quod
854 1600 1007 1646 August.
1031 1599 1117 1634 dicit
1143 1611 1193 1646 13.
1210 1600 1253 1634 de
1276 1599 1377 1634 Trin.
1403 1599 1488 1647 (cap.
1507 1612 1533 1646 3.
1557 1601 1617 1635 cir.
1631 1601 1710 1647 fin..)
1724 1613 1734 1635 .·
1753 1600 1788 1635 51·
1802 1601 1869 1634 mi-

302 1667 372 1690 mus
397 1654 457 1700 [al.
481 1655 579 1699 unus]
604 1654 755 1689 dixisset:
782 1655 904 1689 Omnes
925 1654 1011 1688 beati
1031 1665 1091 1687 esse
1109 1654 1221 1695 mihis,
1245 1655 1356 1688 miseri
1370 1666 1429 1688 esse
1454 1666 1519 1688 non
1539 1654 1651 1696 vultis,
1667 1653 1796 1689 dixisset
1813 1653 1872 1688 ali-

304 1709 394 1755 quid,
407 1709 613 1754 quodnullns
634 1710 668 1742 in
686 1720 745 1743 sua
767 1720 832 1742 mm
855 1712 1055 1753 cognosseret
1075 1708 1264 1749 volzmtata;
1277 1707 1426 1754 quilibet
1440 1719 1526 1754 ergo
1548 1707 1625 1742 vult
1639 1719 1716 1742 esse
1735 1708 1872 1742 beatus.

374 1763 603 1796 RnsPONDEo
627 1762 832 1803 dicendum,
856 1761 952 1808 quod
978 1760 1163 1795 beatitudo
1185 1761 1361 1808 dupliciter
1386 1769 1506 1808 potest
1539 1761 1771 1796 considerari.
1800 1762 1872 1796 Uno

305 1817 398 1850 modo
421 1816 622 1850 secundum
651 1827 888 1849 communem
915 1814 1094 1848 rationem
1114 1815 1362 1849 beatitudinis:
1386 1823 1421 1849 et
1441 1815 1492 1849 sic
1519 1826 1667 1850 necesse
1689 1823 1753 1858 est,
1775 1814 1873 1862 quod

305 1870 424 1904 omnis
446 1870 560 1904 homo
582 1869 844 1903 beatitudinem
865 1868 969 1902 velit:
994 1868 1085 1902 ratio
1114 1877 1234 1903 autem
1268 1868 1498 1903 beatitudinis
1520 1869 1728 1903 communis
1749 1876 1814 1911 est,
1836 1876 1875 1902 ut

305 1924 349 1958 sit
370 1924 508 1957 bonum
530 1922 742 1969 perfectum,
766 1923 857 1957 sicut
880 1923 1016 1956 dictum
1040 1929 1092 1956 est
1113 1923 1159 1968 (q.
1179 1935 1207 1969 3.
1230 1923 1297 1969 huj.
1326 1935 1354 1969 q.
1373 1928 1402 1957 et
1422 1935 1452 1969 q.
1474 1935 1501 1958 Ι.
1524 1928 1588 1958 art.
1606 1935 1635 1970 5.
1658 1929 1688 1958 et
1701 1924 1760 1970 7.).
1777 1922 1874 1957 Cum

305 1986 426 2011 autem
460 1978 597 2011 bonum
620 1977 664 2011 sit
686 1977 870 2021 objectum
896 1976 1104 2019 voluntatis,
1126 1976 1326 2023 perfectum
1352 1977 1490 2011 bonum
1518 1985 1571 2011 est
1591 1976 1755 2023 alicujus,
1777 1976 1874 2023 quod

304 2031 462 2065 totaliter
484 2032 558 2076 ejus
580 2030 760 2065 voluntati
782 2030 973 2073 satisfacit3
995 2031 1090 2065 unde
1113 2038 1279 2077 appetere
1305 2030 1565 2065 beatitudinem
1587 2030 1678 2065 nihil
1692 2030 1788 2065 aliud
1811 2038 1874 2072 est,

305 2097 413 2131 quam
438 2093 604 2131 appetere
626 2093 664 2118 ut
681 2084 850 2118 voluntas
873 2085 1036 2119 satietur:
1061 2085 1156 2131 quod
1184 2084 1333 2130 quilibet
1353 2084 1440 2119 vult.
1463 2085 1541 2119 Alio
1564 2084 1659 2119 modo
1681 2095 1875 2131 possumus

302 2139 403 2185 loqui
424 2139 466 2172 de
497 2139 716 2174 beatitudine
740 2138 940 2172 secundum
967 2138 1164 2184 specialem
1191 2138 1382 2180 rationem,
1401 2146 1577 2184 quantum
1600 2138 1644 2172 ad
1672 2138 1719 2180 id,
1740 2138 1777 2172 in
1801 2148 1874 2184 quo

305 2192 490 2226 beatitudo
513 2192 739 2226 consistitzet
756 2192 805 2225 sic
818 2203 891 2225 non
908 2203 1035 2226 omnes
1055 2199 1283 2238 cognoscunt
1302 2192 1578 2226 beatitudinem:
1594 2191 1678 2238 quia
1698 2191 1875 2233 nesciunt,

307 2247 364 2280 cui
391 2246 441 2280 rei
464 2246 671 2279 communis
693 2245 784 2279 ratio
806 2246 1037 2280 beatitudinis
1060 2246 1272 2288 conveniat,
1296 2254 1330 2280 ct
1351 2257 1414 2293 per
1442 2257 1679 2292 consequens,
1701 2253 1877 2293 quantum

307 2300 350 2334 ad
373 2300 456 2342 hoc,
475 2311 549 2334 non
573 2311 701 2335 omnes
725 2311 805 2334 eam
828 2299 966 2333 volunt.

379 2354 485 2388 Unde
508 2361 604 2400 patet
625 2354 812 2400 responsio
836 2365 884 2388 AD
904 2364 1065 2388 PRIMUM.

379 2408 439 2442 AD
469 2418 675 2442 SECUNDUM
699 2407 905 2448 dicendum,
928 2407 1024 2453 quod
1053 2419 1136 2441 cum
1163 2408 1331 2442 voluntas
1358 2416 1528 2455 sequatur
1549 2408 1875 2455 apprehensionem

308 2461 523 2503 intellectus,
559 2472 620 2495 seu
650 2461 811 2503 rationis,
846 2461 937 2495 sicut
965 2461 1152 2506 contingit,
1181 2461 1276 2507 quod
1308 2461 1441 2508 aliquid
1476 2469 1530 2497 est
1554 2461 1651 2496 idem
1677 2462 1878 2497 secundum

309 2527 399 2557 rem,
422 2515 518 2561 quod
541 2523 663 2549 tamen
687 2522 739 2548 est
761 2515 940 2548 diversum
961 2515 1161 2549 secundum
1184 2515 1331 2549 rationis
1354 2515 1707 2558 considerationen13
1726 2515 1774 2550 ita
1796 2526 1879 2550 con-

309 2569 427 2615 tingit,
458 2568 554 2614 quod
592 2567 724 2614 aliquid
749 2576 800 2602 est
835 2568 930 2602 idem
966 2568 1166 2602 secundum
1194 2580 1288 2610 ren13
1312 2577 1346 2603 et
1367 2577 1488 2603 tamen
1517 2581 1590 2604 uno
1613 2569 1726 2604 modo
1748 2569 1880 2616 appeti-

309 2631 376 2665 tur,
398 2622 468 2656 alio
492 2621 604 2656 modo
633 2633 706 2656 non
727 2622 921 2668 appetitur3
951 2622 1135 2656 beatitudo
1162 2633 1249 2667 ergo
1265 2631 1383 2668 potest
1409 2623 1629 2658 considerari
1656 2623 1720 2658 sub
1739 2623 1878 2658 ratione

311 2676 426 2710 finalis
449 2676 546 2718 boni,
569 2683 602 2710 et
624 2674 782 2721 perfecti,
803 2687 893 2721 quae
913 2684 965 2710 est
991 2676 1196 2710 communis
1212 2677 1302 2710 ratio
1318 2677 1561 2712 beatitudinis:
1585 2685 1620 2712 et
1640 2677 1690 2712 sic
1712 2677 1880 2712 naturali-

311 2740 376 2773 ter,
400 2739 433 2765 et
456 2742 497 2764 ex
516 2730 729 2764 necessitate
752 2730 919 2764 voluntas
942 2730 977 2763 in
999 2730 1086 2764 illud
1109 2731 1232 2772 tendit,
1244 2739 1280 2765 ut
1303 2731 1503 2766 dictumest
1515 2731 1564 2776 (in
1579 2738 1668 2779 corp.
1685 2737 1749 2767 art.
1768 2737 1834 2778 clq.
1850 2744 1877 2767 1.

313 2791 378 2819 ιιι-ι.
402 2786 467 2830 5.);
498 2792 614 2830 potest
638 2784 745 2818 etiam
770 2784 990 2817 considerari
1018 2784 1215 2818 secundum
1245 2784 1331 2818 alias
1362 2785 1536 2831 speciales
1558 2785 1877 2827 considerationes,

313 2838 370 2872 vel
393 2850 433 2872 ex
456 2846 554 2884 parte
578 2838 687 2884 ipsius
707 2838 939 2884 operationis,
955 2837 1011 2871 vel
1034 2850 1074 2871 ex
1095 2846 1193 2884 parte
1212 2839 1393 2885 potentiae
1416 2839 1700 2885 operativae,vel
1722 2850 1764 2874 ex
1778 2847 1877 2890 parte

315 2892 464 2937 objecti:
488 2900 521 2926 et
544 2892 592 2925 sic
616 2903 689 2926 non
713 2903 753 2925 ex
773 2891 984 2926 necessitate
1004 2891 1170 2926 voluutas
1192 2892 1304 2927 tendit
1327 2892 1361 2926 in
1385 2892 1510 2939 ipsam.
