<?xml version="1.0" encoding="UTF-8"?>
<!DOCTYPE html PUBLIC "-//W3C//DTD XHTML 1.0 Transitional//EN"
    "http://www.w3.org/TR/xhtml1/DTD/xhtml1-transitional.dtd">
<html xmlns="http://www.w3.org/1999/xhtml" xml:lang="en" lang="en">
 <head>
  <title>
</title>
<meta http-equiv="Content-Type" content="text/html;charset=utf-8" />
  <meta name='ocr-system' content='tesseract 3.04.00' />
  <meta name='ocr-capabilities' content='ocr_page ocr_carea ocr_par ocr_line ocrx_word'/>
</head>
<body>
  <div class='ocr_page' id='page_1' title='image "./divithomaeaquina02thomuoft_0367.png"; bbox 0 0 1907 3198; ppageno 0'>
   <div class='ocr_carea' id='block_1_1' title="bbox 520 182 1654 237">
    <p class='ocr_par' dir='ltr' id='par_1_1' title="bbox 520 182 1654 237">
     <span class='ocr_line' id='line_1_1' title="bbox 520 182 1654 237; baseline 0.003 -17"><span class='ocrx_word' id='word_1_1' title='bbox 520 191 746 226; x_wconf 68' lang='lat' dir='ltr'>QAt‘Esno</span> <span class='ocrx_word' id='word_1_2' title='bbox 781 191 853 221; x_wconf 84' lang='lat' dir='ltr'>L11.</span> <span class='ocrx_word' id='word_1_3' title='bbox 887 191 1135 221; x_wconf 74' lang='lat' dir='ltr'>ARTICULUS</span> <span class='ocrx_word' id='word_1_4' title='bbox 1168 191 1196 220; x_wconf 92' lang='lat'>1.</span> <span class='ocrx_word' id='word_1_5' title='bbox 1433 182 1439 187; x_wconf 84' lang='lat'>&#39;</span> <span class='ocrx_word' id='word_1_6' title='bbox 1573 183 1654 237; x_wconf 85' lang='lat'>363</span> 
     </span>
    </p>
   </div>
   <div class='ocr_carea' id='block_1_2' title="bbox 0 258 1699 2967">
    <p class='ocr_par' dir='ltr' id='par_1_2' title="bbox 0 258 1659 1183">
     <span class='ocr_line' id='line_1_2' title="bbox 143 258 1657 322; baseline 0.001 -15"><span class='ocrx_word' id='word_1_7' title='bbox 143 281 176 306; x_wconf 89' lang='lat'>2.</span> <span class='ocrx_word' id='word_1_8' title='bbox 189 258 593 308; x_wconf 58' lang='lat' dir='ltr'>Pistrznfflflabitus</span> <span class='ocrx_word' id='word_1_9' title='bbox 608 281 662 308; x_wconf 89' lang='lat' dir='ltr'>est</span> <span class='ocrx_word' id='word_1_10' title='bbox 676 272 851 320; x_wconf 86' lang='lat' dir='ltr'><strong>perfectio</strong></span> <span class='ocrx_word' id='word_1_11' title='bbox 866 273 1059 320; x_wconf 87' lang='lat' dir='ltr'>quaedam,</span> <span class='ocrx_word' id='word_1_12' title='bbox 1074 281 1113 307; x_wconf 93' lang='lat' dir='ltr'>ut</span> <span class='ocrx_word' id='word_1_13' title='bbox 1129 273 1304 308; x_wconf 88' lang='lat' dir='ltr'>diciturin</span> <span class='ocrx_word' id='word_1_14' title='bbox 1315 273 1502 321; x_wconf 74' lang='lat' dir='ltr'>7.Physic.</span> <span class='ocrx_word' id='word_1_15' title='bbox 1516 276 1596 320; x_wconf 73' lang='lat' dir='ltr'>(tex.</span> <span class='ocrx_word' id='word_1_16' title='bbox 1608 287 1657 322; x_wconf 83' lang='lat'>17.</span> 
     </span>
     <span class='ocr_line' id='line_1_3' title="bbox 71 325 1657 376; baseline 0.002 -16"><span class='ocrx_word' id='word_1_17' title='bbox 71 326 214 371; x_wconf 72' lang='lat' dir='ltr'>e118.).·</span> <span class='ocrx_word' id='word_1_18' title='bbox 235 326 298 361; x_wconf 91' lang='lat' dir='ltr'>sed</span> <span class='ocrx_word' id='word_1_19' title='bbox 320 325 508 373; x_wconf 87' lang='lat' dir='ltr'>perfectio,</span> <span class='ocrx_word' id='word_1_20' title='bbox 531 338 615 361; x_wconf 89' lang='lat' dir='ltr'>curn</span> <span class='ocrx_word' id='word_1_21' title='bbox 639 327 813 374; x_wconf 85' lang='lat' dir='ltr'>importet</span> <span class='ocrx_word' id='word_1_22' title='bbox 839 326 962 369; x_wconf 85' lang='lat' dir='ltr'>finem,</span> <span class='ocrx_word' id='word_1_23' title='bbox 985 335 1020 362; x_wconf 91' lang='lat' dir='ltr'>et</span> <span class='ocrx_word' id='word_1_24' title='bbox 1045 327 1256 370; x_wconf 90' lang='lat' dir='ltr'>terminum,</span> <span class='ocrx_word' id='word_1_25' title='bbox 1282 339 1358 362; x_wconf 91' lang='lat' dir='ltr'>non</span> <span class='ocrx_word' id='word_1_26' title='bbox 1379 328 1523 362; x_wconf 78' lang='lat' dir='ltr'>videtur</span> <span class='ocrx_word' id='word_1_27' title='bbox 1548 339 1657 376; x_wconf 87' lang='lat' dir='ltr'>posse</span> 
     </span>
     <span class='ocr_line' id='line_1_4' title="bbox 72 379 1263 428; baseline 0.003 -15"><span class='ocrx_word' id='word_1_28' title='bbox 72 379 239 426; x_wconf 88' lang='lat' dir='ltr'>accipere</span> <span class='ocrx_word' id='word_1_29' title='bbox 261 381 378 427; x_wconf 78' lang='lat' dir='ltr'>magis,</span> <span class='ocrx_word' id='word_1_30' title='bbox 397 388 433 415; x_wconf 91' lang='lat' dir='ltr'>et</span> <span class='ocrx_word' id='word_1_31' title='bbox 455 382 585 422; x_wconf 80' lang='lat' dir='ltr'>mimcs;</span> <span class='ocrx_word' id='word_1_32' title='bbox 609 392 698 428; x_wconf 91' lang='lat' dir='ltr'>ergo</span> <span class='ocrx_word' id='word_1_33' title='bbox 720 381 865 416; x_wconf 89' lang='lat' dir='ltr'>habitus</span> <span class='ocrx_word' id='word_1_34' title='bbox 887 381 1014 428; x_wconf 85' lang='lat' dir='ltr'>augeri</span> <span class='ocrx_word' id='word_1_35' title='bbox 1034 392 1110 415; x_wconf 91' lang='lat' dir='ltr'>non</span> <span class='ocrx_word' id='word_1_36' title='bbox 1132 389 1263 428; x_wconf 88' lang='lat' dir='ltr'>potest.</span> 
     </span>
     <span class='ocr_line' id='line_1_5' title="bbox 145 432 1659 482; baseline 0.002 -15"><span class='ocrx_word' id='word_1_37' title='bbox 145 443 174 479; x_wconf 88' lang='lat'>3.</span> <span class='ocrx_word' id='word_1_38' title='bbox 196 432 435 469; x_wconf 74' lang='lat' dir='ltr'>PRAETEREA.</span> <span class='ocrx_word' id='word_1_39' title='bbox 457 433 499 468; x_wconf 92' lang='lat' dir='ltr'>In</span> <span class='ocrx_word' id='word_1_40' title='bbox 520 433 589 476; x_wconf 89' lang='lat' dir='ltr'>his,</span> <span class='ocrx_word' id='word_1_41' title='bbox 612 446 705 481; x_wconf 90' lang='lat' dir='ltr'>quae</span> <span class='ocrx_word' id='word_1_42' title='bbox 728 435 908 482; x_wconf 89' lang='lat' dir='ltr'>recipiunt</span> <span class='ocrx_word' id='word_1_43' title='bbox 928 435 1048 481; x_wconf 78' lang='lat' dir='ltr'>magis,</span> <span class='ocrx_word' id='word_1_44' title='bbox 1069 442 1104 469; x_wconf 92' lang='lat' dir='ltr'>et</span> <span class='ocrx_word' id='word_1_45' title='bbox 1124 436 1244 478; x_wconf 75' lang='lat' dir='ltr'>minus,</span> <span class='ocrx_word' id='word_1_46' title='bbox 1268 435 1449 482; x_wconf 87' lang='lat' dir='ltr'>contingit</span> <span class='ocrx_word' id='word_1_47' title='bbox 1475 446 1553 470; x_wconf 92' lang='lat' dir='ltr'>esse</span> <span class='ocrx_word' id='word_1_48' title='bbox 1573 434 1659 470; x_wconf 91' lang='lat' dir='ltr'>alte-</span> 
     </span>
     <span class='ocr_line' id='line_1_6' title="bbox 69 485 1658 536; baseline 0.003 -16"><span class='ocrx_word' id='word_1_49' title='bbox 69 485 271 521; x_wconf 81' lang='lat' dir='ltr'>rationem:</span> <span class='ocrx_word' id='word_1_50' title='bbox 294 486 438 522; x_wconf 86' lang='lat' dir='ltr'>alterari</span> <span class='ocrx_word' id='word_1_51' title='bbox 460 487 558 522; x_wconf 89' lang='lat' dir='ltr'>enim</span> <span class='ocrx_word' id='word_1_52' title='bbox 581 488 723 531; x_wconf 88' lang='lat' dir='ltr'>dicitur,</span> <span class='ocrx_word' id='word_1_53' title='bbox 746 489 845 536; x_wconf 93' lang='lat' dir='ltr'>quod</span> <span class='ocrx_word' id='word_1_54' title='bbox 866 488 910 523; x_wconf 92' lang='lat' dir='ltr'>de</span> <span class='ocrx_word' id='word_1_55' title='bbox 932 488 1054 523; x_wconf 88' lang='lat' dir='ltr'>minus</span> <span class='ocrx_word' id='word_1_56' title='bbox 1069 488 1188 523; x_wconf 87' lang='lat' dir='ltr'>calido</span> <span class='ocrx_word' id='word_1_57' title='bbox 1204 488 1243 523; x_wconf 86' lang='lat' dir='ltr'>fit</span> <span class='ocrx_word' id='word_1_58' title='bbox 1257 490 1375 536; x_wconf 87' lang='lat' dir='ltr'>magis</span> <span class='ocrx_word' id='word_1_59' title='bbox 1395 489 1574 524; x_wconf 89' lang='lat' dir='ltr'>calidum:</span> <span class='ocrx_word' id='word_1_60' title='bbox 1594 489 1658 524; x_wconf 85' lang='lat' dir='ltr'>sed</span> 
     </span>
     <span class='ocr_line' id='line_1_7' title="bbox 67 537 1657 590; baseline 0.003 -16"><span class='ocrx_word' id='word_1_61' title='bbox 67 537 106 574; x_wconf 89' lang='lat' dir='ltr'>in</span> <span class='ocrx_word' id='word_1_62' title='bbox 127 538 308 575; x_wconf 89' lang='lat' dir='ltr'>habitibus</span> <span class='ocrx_word' id='word_1_63' title='bbox 327 551 404 575; x_wconf 92' lang='lat' dir='ltr'>non</span> <span class='ocrx_word' id='word_1_64' title='bbox 427 549 482 576; x_wconf 90' lang='lat' dir='ltr'>est</span> <span class='ocrx_word' id='word_1_65' title='bbox 503 541 681 585; x_wconf 81' lang='lat' dir='ltr'>alteratio,</span> <span class='ocrx_word' id='word_1_66' title='bbox 704 550 743 577; x_wconf 92' lang='lat' dir='ltr'>ut</span> <span class='ocrx_word' id='word_1_67' title='bbox 763 542 938 590; x_wconf 89' lang='lat' dir='ltr'>probatur</span> <span class='ocrx_word' id='word_1_68' title='bbox 957 542 994 576; x_wconf 86' lang='lat' dir='ltr'>in</span> <span class='ocrx_word' id='word_1_69' title='bbox 1013 552 1046 588; x_wconf 90' lang='lat'>7.</span> <span class='ocrx_word' id='word_1_70' title='bbox 1069 542 1216 589; x_wconf 80' lang='lat' dir='ltr'>Physic.</span> <span class='ocrx_word' id='word_1_71' title='bbox 1241 542 1320 587; x_wconf 75' lang='lat' dir='ltr'>(tex.</span> <span class='ocrx_word' id='word_1_72' title='bbox 1340 555 1383 590; x_wconf 76' lang='lat'>15.</span> <span class='ocrx_word' id='word_1_73' title='bbox 1406 548 1436 578; x_wconf 80' lang='lat' dir='ltr'>et</span> <span class='ocrx_word' id='word_1_74' title='bbox 1448 544 1514 590; x_wconf 82' lang='lat'><em>17.)</em></span> <span class='ocrx_word' id='word_1_75' title='bbox 1526 555 1539 584; x_wconf 93' lang='lat'><em>;</em></span> <span class='ocrx_word' id='word_1_76' title='bbox 1568 553 1657 590; x_wconf 89' lang='lat' dir='ltr'>ergo</span> 
     </span>
     <span class='ocr_line' id='line_1_8' title="bbox 66 591 645 642; baseline 0.005 -15"><span class='ocrx_word' id='word_1_77' title='bbox 66 591 214 628; x_wconf 89' lang='lat' dir='ltr'>habitus</span> <span class='ocrx_word' id='word_1_78' title='bbox 235 594 365 640; x_wconf 86' lang='lat' dir='ltr'>augeri</span> <span class='ocrx_word' id='word_1_79' title='bbox 382 605 458 630; x_wconf 91' lang='lat' dir='ltr'>non</span> <span class='ocrx_word' id='word_1_80' title='bbox 479 604 645 642; x_wconf 85' lang='lat' dir='ltr'>possunt.</span> 
     </span>
     <span class='ocr_line' id='line_1_9' title="bbox 140 644 1657 697; baseline 0.001 -15"><span class='ocrx_word' id='word_1_81' title='bbox 140 645 218 682; x_wconf 71' lang='lat' dir='ltr'>SED</span> <span class='ocrx_word' id='word_1_82' title='bbox 239 644 397 683; x_wconf 61' lang='lat' dir='ltr'>CONTRA</span> <span class='ocrx_word' id='word_1_83' title='bbox 419 656 484 691; x_wconf 88' lang='lat' dir='ltr'>est,</span> <span class='ocrx_word' id='word_1_84' title='bbox 508 649 607 696; x_wconf 91' lang='lat' dir='ltr'>quod</span> <span class='ocrx_word' id='word_1_85' title='bbox 629 649 718 684; x_wconf 87' lang='lat' dir='ltr'>fides</span> <span class='ocrx_word' id='word_1_86' title='bbox 740 658 795 685; x_wconf 90' lang='lat' dir='ltr'>est</span> <span class='ocrx_word' id='word_1_87' title='bbox 816 650 966 697; x_wconf 90' lang='lat' dir='ltr'>quidam</span> <span class='ocrx_word' id='word_1_88' title='bbox 988 649 1146 692; x_wconf 89' lang='lat' dir='ltr'>habitus,</span> <span class='ocrx_word' id='word_1_89' title='bbox 1165 658 1201 684; x_wconf 91' lang='lat' dir='ltr'>et</span> <span class='ocrx_word' id='word_1_90' title='bbox 1222 658 1347 685; x_wconf 89' lang='lat' dir='ltr'>tamen</span> <span class='ocrx_word' id='word_1_91' title='bbox 1367 658 1540 696; x_wconf 87' lang='lat' dir='ltr'>augetur:</span> <span class='ocrx_word' id='word_1_92' title='bbox 1561 651 1657 685; x_wconf 91' lang='lat' dir='ltr'>unde</span> 
     </span>
     <span class='ocr_line' id='line_1_10' title="bbox 66 693 1656 750; baseline 0.003 -16"><span class='ocrx_word' id='word_1_93' title='bbox 66 693 237 748; x_wconf 81' lang='lat' dir='ltr'>discipuli</span> <span class='ocrx_word' id='word_1_94' title='bbox 265 701 433 736; x_wconf 91' lang='lat' dir='ltr'>Domino</span> <span class='ocrx_word' id='word_1_95' title='bbox 462 701 610 737; x_wconf 89' lang='lat' dir='ltr'>dicunt:</span> <span class='ocrx_word' id='word_1_96' title='bbox 637 704 799 747; x_wconf 79' lang='lat' dir='ltr'>Domine,</span> <span class='ocrx_word' id='word_1_97' title='bbox 825 703 952 750; x_wconf 71' lang='lat' dir='ltr'>adauge</span> <span class='ocrx_word' id='word_1_98' title='bbox 977 705 1070 739; x_wconf 81' lang='lat' dir='ltr'>nobis</span> <span class='ocrx_word' id='word_1_99' title='bbox 1091 703 1204 749; x_wconf 79' lang='lat' dir='ltr'>fidem,</span> <span class='ocrx_word' id='word_1_100' title='bbox 1227 712 1267 739; x_wconf 89' lang='lat' dir='ltr'>ut</span> <span class='ocrx_word' id='word_1_101' title='bbox 1295 703 1451 739; x_wconf 89' lang='lat' dir='ltr'>habetur</span> <span class='ocrx_word' id='word_1_102' title='bbox 1465 704 1555 739; x_wconf 93' lang='lat' dir='ltr'>Luc.</span> <span class='ocrx_word' id='word_1_103' title='bbox 1582 715 1656 750; x_wconf 86' lang='lat'>17.;</span> 
     </span>
     <span class='ocr_line' id='line_1_11' title="bbox 0 753 507 802; baseline 0.004 -14"><span class='ocrx_word' id='word_1_104' title='bbox 0 759 5 795; x_wconf 75' lang='grc'>’,</span> <span class='ocrx_word' id='word_1_105' title='bbox 65 763 156 801; x_wconf 85' lang='lat' dir='ltr'>ergo</span> <span class='ocrx_word' id='word_1_106' title='bbox 176 753 321 790; x_wconf 86' lang='lat' dir='ltr'>habitus</span> <span class='ocrx_word' id='word_1_107' title='bbox 343 763 507 802; x_wconf 89' lang='lat' dir='ltr'>augetur.</span> 
     </span>
     <span class='ocr_line' id='line_1_12' title="bbox 131 806 1658 860; baseline 0.003 -17"><span class='ocrx_word' id='word_1_108' title='bbox 131 806 366 844; x_wconf 64' lang='lat' dir='ltr'>Responm-:o</span> <span class='ocrx_word' id='word_1_109' title='bbox 387 809 597 852; x_wconf 87' lang='lat' dir='ltr'>dicendum,</span> <span class='ocrx_word' id='word_1_110' title='bbox 619 810 718 857; x_wconf 91' lang='lat' dir='ltr'>quod</span> <span class='ocrx_word' id='word_1_111' title='bbox 741 819 993 858; x_wconf 90' lang='lat' dir='ltr'>augmentum,</span> <span class='ocrx_word' id='word_1_112' title='bbox 1012 811 1106 846; x_wconf 90' lang='lat' dir='ltr'>sicut</span> <span class='ocrx_word' id='word_1_113' title='bbox 1120 819 1156 846; x_wconf 91' lang='lat' dir='ltr'>et</span> <span class='ocrx_word' id='word_1_114' title='bbox 1170 811 1241 846; x_wconf 92' lang='lat' dir='ltr'>alia</span> <span class='ocrx_word' id='word_1_115' title='bbox 1260 811 1305 846; x_wconf 88' lang='lat' dir='ltr'>ad</span> <span class='ocrx_word' id='word_1_116' title='bbox 1325 812 1566 859; x_wconf 86' lang='lat' dir='ltr'>quantitatem</span> <span class='ocrx_word' id='word_1_117' title='bbox 1580 823 1658 860; x_wconf 87' lang='lat' dir='ltr'>per-</span> 
     </span>
     <span class='ocr_line' id='line_1_13' title="bbox 64 859 1656 912; baseline 0.004 -17"><span class='ocrx_word' id='word_1_118' title='bbox 64 859 230 904; x_wconf 88' lang='lat' dir='ltr'>tinentia,</span> <span class='ocrx_word' id='word_1_119' title='bbox 251 873 272 896; x_wconf 90' lang='lat' dir='ltr'>a</span> <span class='ocrx_word' id='word_1_120' title='bbox 293 862 555 909; x_wconf 85' lang='lat' dir='ltr'>quantitatibus</span> <span class='ocrx_word' id='word_1_121' title='bbox 578 864 831 911; x_wconf 86' lang='lat' dir='ltr'>corporalibus</span> <span class='ocrx_word' id='word_1_122' title='bbox 846 864 890 899; x_wconf 93' lang='lat' dir='ltr'>ad</span> <span class='ocrx_word' id='word_1_123' title='bbox 909 876 966 900; x_wconf 92' lang='lat' dir='ltr'>res</span> <span class='ocrx_word' id='word_1_124' title='bbox 981 865 1197 912; x_wconf 85' lang='lat' dir='ltr'>spirituales,</span> <span class='ocrx_word' id='word_1_125' title='bbox 1214 874 1250 901; x_wconf 91' lang='lat' dir='ltr'>et</span> <span class='ocrx_word' id='word_1_126' title='bbox 1262 865 1529 902; x_wconf 85' lang='lat' dir='ltr'>intellectuales</span> <span class='ocrx_word' id='word_1_127' title='bbox 1544 875 1656 902; x_wconf 86' lang='lat' dir='ltr'>trans-</span> 
     </span>
     <span class='ocr_line' id='line_1_14' title="bbox 63 913 1654 968; baseline 0.004 -19"><span class='ocrx_word' id='word_1_128' title='bbox 63 913 239 958; x_wconf 84' lang='lat' dir='ltr'>feruntur,</span> <span class='ocrx_word' id='word_1_129' title='bbox 259 923 410 963; x_wconf 89' lang='lat' dir='ltr'>propter</span> <span class='ocrx_word' id='word_1_130' title='bbox 430 917 777 952; x_wconf 85' lang='lat' dir='ltr'>connaturalitatem</span> <span class='ocrx_word' id='word_1_131' title='bbox 799 918 1005 954; x_wconf 87' lang='lat' dir='ltr'>intellectus</span> <span class='ocrx_word' id='word_1_132' title='bbox 1023 919 1139 954; x_wconf 89' lang='lat' dir='ltr'>nostri</span> <span class='ocrx_word' id='word_1_133' title='bbox 1161 920 1205 954; x_wconf 92' lang='lat' dir='ltr'>ad</span> <span class='ocrx_word' id='word_1_134' title='bbox 1229 931 1285 955; x_wconf 90' lang='lat' dir='ltr'>res</span> <span class='ocrx_word' id='word_1_135' title='bbox 1307 920 1530 967; x_wconf 88' lang='lat' dir='ltr'>corporales,</span> <span class='ocrx_word' id='word_1_136' title='bbox 1561 932 1654 968; x_wconf 91' lang='lat' dir='ltr'>quae</span> 
     </span>
     <span class='ocr_line' id='line_1_15' title="bbox 63 963 1654 1022; baseline 0.005 -20"><span class='ocrx_word' id='word_1_137' title='bbox 63 963 130 1003; x_wconf 85' lang='lat' dir='ltr'>sub</span> <span class='ocrx_word' id='word_1_138' title='bbox 155 967 422 1016; x_wconf 87' lang='lat' dir='ltr'>imaginatione</span> <span class='ocrx_word' id='word_1_139' title='bbox 451 969 610 1005; x_wconf 90' lang='lat' dir='ltr'>cadunt:</span> <span class='ocrx_word' id='word_1_140' title='bbox 640 971 772 1006; x_wconf 91' lang='lat' dir='ltr'>dicitur</span> <span class='ocrx_word' id='word_1_141' title='bbox 802 980 924 1006; x_wconf 91' lang='lat' dir='ltr'>autem</span> <span class='ocrx_word' id='word_1_142' title='bbox 954 972 991 1006; x_wconf 92' lang='lat' dir='ltr'>in</span> <span class='ocrx_word' id='word_1_143' title='bbox 1013 973 1274 1020; x_wconf 88' lang='lat' dir='ltr'>quantitatibus</span> <span class='ocrx_word' id='word_1_144' title='bbox 1304 974 1491 1021; x_wconf 89' lang='lat' dir='ltr'>corporeis</span> <span class='ocrx_word' id='word_1_145' title='bbox 1518 974 1654 1022; x_wconf 77' lang='lat' dir='ltr'>aliquid</span> 
     </span>
     <span class='ocr_line' id='line_1_16' title="bbox 63 1022 1652 1076; baseline 0.005 -21"><span class='ocrx_word' id='word_1_146' title='bbox 63 1032 234 1068; x_wconf 79' lang='lat' dir='ltr'>magnum,</span> <span class='ocrx_word' id='word_1_147' title='bbox 263 1022 467 1057; x_wconf 89' lang='lat' dir='ltr'>secundum</span> <span class='ocrx_word' id='word_1_148' title='bbox 496 1024 594 1070; x_wconf 91' lang='lat' dir='ltr'>quod</span> <span class='ocrx_word' id='word_1_149' title='bbox 623 1024 668 1058; x_wconf 87' lang='lat' dir='ltr'>ad</span> <span class='ocrx_word' id='word_1_150' title='bbox 695 1024 856 1060; x_wconf 88' lang='lat' dir='ltr'>debitam</span> <span class='ocrx_word' id='word_1_151' title='bbox 884 1025 1151 1072; x_wconf 89' lang='lat' dir='ltr'>perfectionem</span> <span class='ocrx_word' id='word_1_152' title='bbox 1179 1028 1389 1074; x_wconf 87' lang='lat' dir='ltr'>quantitatis</span> <span class='ocrx_word' id='word_1_153' title='bbox 1420 1028 1652 1076; x_wconf 87' lang='lat' dir='ltr'>perducitur:</span> 
     </span>
     <span class='ocr_line' id='line_1_17' title="bbox 62 1074 1654 1129; baseline 0.005 -20"><span class='ocrx_word' id='word_1_154' title='bbox 62 1074 161 1110; x_wconf 89' lang='lat' dir='ltr'>unde</span> <span class='ocrx_word' id='word_1_155' title='bbox 182 1074 305 1123; x_wconf 89' lang='lat' dir='ltr'>aliqua</span> <span class='ocrx_word' id='word_1_156' title='bbox 321 1077 506 1123; x_wconf 86' lang='lat' dir='ltr'>quantitas</span> <span class='ocrx_word' id='word_1_157' title='bbox 528 1085 716 1124; x_wconf 90' lang='lat' dir='ltr'>reputatur</span> <span class='ocrx_word' id='word_1_158' title='bbox 730 1090 866 1126; x_wconf 89' lang='lat' dir='ltr'>magna</span> <span class='ocrx_word' id='word_1_159' title='bbox 887 1079 923 1113; x_wconf 91' lang='lat' dir='ltr'>in</span> <span class='ocrx_word' id='word_1_160' title='bbox 938 1079 1104 1123; x_wconf 89' lang='lat' dir='ltr'>homine,</span> <span class='ocrx_word' id='word_1_161' title='bbox 1121 1092 1213 1127; x_wconf 91' lang='lat' dir='ltr'>quae</span> <span class='ocrx_word' id='word_1_162' title='bbox 1227 1092 1302 1116; x_wconf 92' lang='lat' dir='ltr'>non</span> <span class='ocrx_word' id='word_1_163' title='bbox 1318 1090 1505 1128; x_wconf 89' lang='lat' dir='ltr'>reputatur</span> <span class='ocrx_word' id='word_1_164' title='bbox 1518 1094 1654 1129; x_wconf 87' lang='lat' dir='ltr'>magna</span> 
     </span>
     <span class='ocr_line' id='line_1_18' title="bbox 0 1127 1655 1183; baseline 0.005 -20"><span class='ocrx_word' id='word_1_165' title='bbox 0 1149 3 1157; x_wconf 47' lang='grc' dir='ltr'><em>ν</em></span> <span class='ocrx_word' id='word_1_166' title='bbox 61 1127 99 1163; x_wconf 88' lang='lat' dir='ltr'>in</span> <span class='ocrx_word' id='word_1_167' title='bbox 121 1127 337 1176; x_wconf 87' lang='lat' dir='ltr'>elephante;</span> <span class='ocrx_word' id='word_1_168' title='bbox 359 1130 456 1165; x_wconf 91' lang='lat' dir='ltr'>unde</span> <span class='ocrx_word' id='word_1_169' title='bbox 482 1138 519 1166; x_wconf 92' lang='lat' dir='ltr'>et</span> <span class='ocrx_word' id='word_1_170' title='bbox 539 1131 577 1165; x_wconf 90' lang='lat' dir='ltr'>in</span> <span class='ocrx_word' id='word_1_171' title='bbox 606 1130 736 1166; x_wconf 89' lang='lat' dir='ltr'>formis</span> <span class='ocrx_word' id='word_1_172' title='bbox 767 1132 924 1168; x_wconf 89' lang='lat' dir='ltr'>dicimus</span> <span class='ocrx_word' id='word_1_173' title='bbox 953 1133 1088 1180; x_wconf 91' lang='lat' dir='ltr'>aliquid</span> <span class='ocrx_word' id='word_1_174' title='bbox 1111 1146 1270 1182; x_wconf 76' lang='lat' dir='ltr'>magnum</span> <span class='ocrx_word' id='word_1_175' title='bbox 1295 1146 1337 1170; x_wconf 84' lang='lat' dir='ltr'>ex</span> <span class='ocrx_word' id='word_1_176' title='bbox 1358 1135 1445 1178; x_wconf 88' lang='lat' dir='ltr'>hoc,</span> <span class='ocrx_word' id='word_1_177' title='bbox 1474 1136 1573 1183; x_wconf 93' lang='lat' dir='ltr'>quod</span> <span class='ocrx_word' id='word_1_178' title='bbox 1600 1144 1655 1172; x_wconf 91' lang='lat' dir='ltr'>est</span> 
     </span>
    </p>

    <p class='ocr_par' dir='ltr' id='par_1_3' title="bbox 0 1181 1655 1452">
     <span class='ocr_line' id='line_1_19' title="bbox 61 1181 1654 1237; baseline 0.005 -20"><span class='ocrx_word' id='word_1_179' title='bbox 61 1181 284 1230; x_wconf 75' lang='lat' dir='ltr'>perfectum:</span> <span class='ocrx_word' id='word_1_180' title='bbox 307 1190 345 1218; x_wconf 92' lang='lat' dir='ltr'>et</span> <span class='ocrx_word' id='word_1_181' title='bbox 364 1183 449 1231; x_wconf 90' lang='lat' dir='ltr'>quia</span> <span class='ocrx_word' id='word_1_182' title='bbox 471 1185 596 1220; x_wconf 85' lang='lat' dir='ltr'>bonum</span> <span class='ocrx_word' id='word_1_183' title='bbox 617 1185 730 1220; x_wconf 90' lang='lat' dir='ltr'>habet</span> <span class='ocrx_word' id='word_1_184' title='bbox 751 1186 933 1221; x_wconf 90' lang='lat' dir='ltr'>rationem</span> <span class='ocrx_word' id='word_1_185' title='bbox 954 1187 1117 1234; x_wconf 89' lang='lat' dir='ltr'>perfecti,</span> <span class='ocrx_word' id='word_1_186' title='bbox 1140 1197 1290 1235; x_wconf 91' lang='lat' dir='ltr'>propter</span> <span class='ocrx_word' id='word_1_187' title='bbox 1309 1189 1382 1224; x_wconf 88' lang='lat' dir='ltr'>hoc</span> <span class='ocrx_word' id='word_1_188' title='bbox 1403 1189 1439 1223; x_wconf 92' lang='lat' dir='ltr'>in</span> <span class='ocrx_word' id='word_1_189' title='bbox 1460 1189 1530 1232; x_wconf 92' lang='lat' dir='ltr'>his,</span> <span class='ocrx_word' id='word_1_190' title='bbox 1561 1201 1654 1237; x_wconf 91' lang='lat' dir='ltr'>quae</span> 
     </span>
     <span class='ocr_line' id='line_1_20' title="bbox 0 1236 1655 1290; baseline 0.005 -20"><span class='ocrx_word' id='word_1_191' title='bbox 0 1263 10 1278; x_wconf 61' lang='grc'>,</span> <span class='ocrx_word' id='word_1_192' title='bbox 61 1244 138 1271; x_wconf 91' lang='lat' dir='ltr'>non</span> <span class='ocrx_word' id='word_1_193' title='bbox 158 1236 260 1272; x_wconf 88' lang='lat' dir='ltr'>mole</span> <span class='ocrx_word' id='word_1_194' title='bbox 280 1248 417 1284; x_wconf 84' lang='lat' dir='ltr'>magna</span> <span class='ocrx_word' id='word_1_195' title='bbox 437 1246 534 1281; x_wconf 90' lang='lat' dir='ltr'>sunt,</span> <span class='ocrx_word' id='word_1_196' title='bbox 555 1238 654 1274; x_wconf 89' lang='lat' dir='ltr'>idern</span> <span class='ocrx_word' id='word_1_197' title='bbox 676 1247 732 1274; x_wconf 91' lang='lat' dir='ltr'>est</span> <span class='ocrx_word' id='word_1_198' title='bbox 753 1251 832 1275; x_wconf 90' lang='lat' dir='ltr'>esse</span> <span class='ocrx_word' id='word_1_199' title='bbox 847 1241 978 1287; x_wconf 88' lang='lat' dir='ltr'>majus,</span> <span class='ocrx_word' id='word_1_200' title='bbox 994 1242 1093 1288; x_wconf 91' lang='lat' dir='ltr'>quod</span> <span class='ocrx_word' id='word_1_201' title='bbox 1109 1242 1252 1285; x_wconf 91' lang='lat' dir='ltr'>melius,</span> <span class='ocrx_word' id='word_1_202' title='bbox 1266 1251 1306 1278; x_wconf 86' lang='lat' dir='ltr'>ut</span> <span class='ocrx_word' id='word_1_203' title='bbox 1319 1243 1548 1290; x_wconf 89' lang='lat' dir='ltr'>Augustinus</span> <span class='ocrx_word' id='word_1_204' title='bbox 1567 1245 1655 1279; x_wconf 89' lang='lat' dir='ltr'>dicit</span> 
     </span>
     <span class='ocr_line' id='line_1_21' title="bbox 0 1282 1654 1345; baseline 0.006 -21"><span class='ocrx_word' id='word_1_205' title='bbox 0 1282 13 1323; x_wconf 61' lang='grc' dir='ltr'>ἶ·</span> <span class='ocrx_word' id='word_1_206' title='bbox 60 1286 98 1325; x_wconf 85' lang='lat' dir='ltr'>in</span> <span class='ocrx_word' id='word_1_207' title='bbox 118 1287 153 1325; x_wconf 89' lang='lat'>6.</span> <span class='ocrx_word' id='word_1_208' title='bbox 167 1289 213 1326; x_wconf 89' lang='lat' dir='ltr'>de</span> <span class='ocrx_word' id='word_1_209' title='bbox 227 1289 331 1326; x_wconf 88' lang='lat' dir='ltr'>Trin.</span> <span class='ocrx_word' id='word_1_210' title='bbox 347 1291 439 1339; x_wconf 87' lang='lat' dir='ltr'>(cap.</span> <span class='ocrx_word' id='word_1_211' title='bbox 457 1292 490 1328; x_wconf 83' lang='lat'>8.</span> <span class='ocrx_word' id='word_1_212' title='bbox 509 1303 530 1327; x_wconf 89' lang='lat' dir='ltr'>a</span> <span class='ocrx_word' id='word_1_213' title='bbox 550 1294 666 1340; x_wconf 85' lang='lat' dir='ltr'>princ.</span> <span class='ocrx_word' id='word_1_214' title='bbox 666 1293 698 1339; x_wconf 90' lang='lat'>).</span> <span class='ocrx_word' id='word_1_215' title='bbox 720 1293 903 1329; x_wconf 89' lang='lat' dir='ltr'>Perfectio</span> <span class='ocrx_word' id='word_1_216' title='bbox 923 1303 1047 1330; x_wconf 90' lang='lat' dir='ltr'>autem</span> <span class='ocrx_word' id='word_1_217' title='bbox 1068 1295 1211 1331; x_wconf 90' lang='lat' dir='ltr'>formae</span> <span class='ocrx_word' id='word_1_218' title='bbox 1239 1297 1418 1345; x_wconf 54' lang='lat' dir='ltr'>duplic-[tar</span> <span class='ocrx_word' id='word_1_219' title='bbox 1435 1306 1555 1344; x_wconf 90' lang='lat' dir='ltr'>potest</span> <span class='ocrx_word' id='word_1_220' title='bbox 1570 1310 1654 1334; x_wconf 92' lang='lat' dir='ltr'>con-</span> 
     </span>
     <span class='ocr_line' id='line_1_22' title="bbox 3 1342 1652 1399; baseline 0.006 -21"><span class='ocrx_word' id='word_1_221' title='bbox 3 1359 6 1363; x_wconf 92' lang='grc'><em>·</em></span> <span class='ocrx_word' id='word_1_222' title='bbox 60 1342 230 1379; x_wconf 85' lang='lat' dir='ltr'>siderari:</span> <span class='ocrx_word' id='word_1_223' title='bbox 263 1357 331 1380; x_wconf 84' lang='lat' dir='ltr'>uno</span> <span class='ocrx_word' id='word_1_224' title='bbox 360 1345 470 1389; x_wconf 87' lang='lat' dir='ltr'>modo,</span> <span class='ocrx_word' id='word_1_225' title='bbox 493 1347 697 1382; x_wconf 88' lang='lat' dir='ltr'>secundum</span> <span class='ocrx_word' id='word_1_226' title='bbox 725 1347 844 1395; x_wconf 90' lang='lat' dir='ltr'>ipsam</span> <span class='ocrx_word' id='word_1_227' title='bbox 872 1347 1054 1384; x_wconf 90' lang='lat' dir='ltr'>formam:</span> <span class='ocrx_word' id='word_1_228' title='bbox 1086 1351 1153 1385; x_wconf 79' lang='lat' dir='ltr'>alio</span> <span class='ocrx_word' id='word_1_229' title='bbox 1184 1351 1293 1395; x_wconf 86' lang='lat' dir='ltr'>modo,</span> <span class='ocrx_word' id='word_1_230' title='bbox 1324 1352 1526 1386; x_wconf 88' lang='lat' dir='ltr'>secundum</span> <span class='ocrx_word' id='word_1_231' title='bbox 1554 1353 1652 1399; x_wconf 91' lang='lat' dir='ltr'>quod</span> 
     </span>
     <span class='ocr_line' id='line_1_23' title="bbox 0 1397 1652 1452; baseline 0.005 -20"><span class='ocrx_word' id='word_1_232' title='bbox 0 1399 2 1402; x_wconf 86' lang='lat'>&#39;</span> <span class='ocrx_word' id='word_1_233' title='bbox 31 1431 41 1441; x_wconf 78' lang='grc'><em>,</em></span> <span class='ocrx_word' id='word_1_234' title='bbox 61 1397 267 1445; x_wconf 79' lang='lat' dir='ltr'>subjectum</span> <span class='ocrx_word' id='word_1_235' title='bbox 295 1399 489 1447; x_wconf 85' lang='lat' dir='ltr'>participat</span> <span class='ocrx_word' id='word_1_236' title='bbox 508 1399 685 1435; x_wconf 89' lang='lat' dir='ltr'>formam:</span> <span class='ocrx_word' id='word_1_237' title='bbox 717 1402 934 1449; x_wconf 89' lang='lat' dir='ltr'>inquantum</span> <span class='ocrx_word' id='word_1_238' title='bbox 956 1403 1068 1449; x_wconf 90' lang='lat' dir='ltr'>igitur</span> <span class='ocrx_word' id='word_1_239' title='bbox 1090 1405 1286 1439; x_wconf 90' lang='lat' dir='ltr'>attenditur</span> <span class='ocrx_word' id='word_1_240' title='bbox 1307 1405 1482 1452; x_wconf 75' lang='lat' dir='ltr'>perfectio</span> <span class='ocrx_word' id='word_1_241' title='bbox 1510 1405 1652 1441; x_wconf 88' lang='lat' dir='ltr'>formae</span> 
     </span>
    </p>

    <p class='ocr_par' dir='ltr' id='par_1_4' title="bbox 61 1451 1654 1507">
     <span class='ocr_line' id='line_1_24' title="bbox 61 1451 1654 1507; baseline 0.006 -21"><span class='ocrx_word' id='word_1_242' title='bbox 61 1451 266 1487; x_wconf 83' lang='lat' dir='ltr'>secundum</span> <span class='ocrx_word' id='word_1_243' title='bbox 293 1452 413 1500; x_wconf 89' lang='lat' dir='ltr'>ipsam</span> <span class='ocrx_word' id='word_1_244' title='bbox 442 1453 616 1498; x_wconf 90' lang='lat' dir='ltr'>formam,</span> <span class='ocrx_word' id='word_1_245' title='bbox 639 1455 691 1490; x_wconf 92' lang='lat' dir='ltr'>sic</span> <span class='ocrx_word' id='word_1_246' title='bbox 714 1455 846 1491; x_wconf 89' lang='lat' dir='ltr'>dicitur</span> <span class='ocrx_word' id='word_1_247' title='bbox 866 1456 946 1504; x_wconf 89' lang='lat' dir='ltr'>ipsa</span> <span class='ocrx_word' id='word_1_248' title='bbox 968 1468 1047 1492; x_wconf 89' lang='lat' dir='ltr'>esse</span> <span class='ocrx_word' id='word_1_249' title='bbox 1063 1465 1192 1506; x_wconf 68' lang='lat' dir='ltr'>parva,</span> <span class='ocrx_word' id='word_1_250' title='bbox 1216 1459 1275 1494; x_wconf 78' lang='lat' dir='ltr'>vel</span> <span class='ocrx_word' id='word_1_251' title='bbox 1301 1472 1426 1507; x_wconf 78' lang='lat' dir='ltr'>magna</span> <span class='ocrx_word' id='word_1_252' title='bbox 1450 1459 1511 1506; x_wconf 89' lang='lat' dir='ltr'>[al.</span> <span class='ocrx_word' id='word_1_253' title='bbox 1533 1462 1579 1496; x_wconf 76' lang='lat' dir='ltr'>sic</span> <span class='ocrx_word' id='word_1_254' title='bbox 1605 1461 1654 1495; x_wconf 84' lang='lat' dir='ltr'>di—</span> 
     </span>
    </p>

    <p class='ocr_par' dir='ltr' id='par_1_5' title="bbox 10 1506 1653 1616">
     <span class='ocr_line' id='line_1_25' title="bbox 59 1506 1651 1561; baseline 0.004 -19"><span class='ocrx_word' id='word_1_255' title='bbox 59 1506 148 1542; x_wconf 79' lang='lat' dir='ltr'>citur</span> <span class='ocrx_word' id='word_1_256' title='bbox 168 1507 243 1554; x_wconf 80' lang='lat' dir='ltr'>ipsa</span> <span class='ocrx_word' id='word_1_257' title='bbox 255 1518 317 1542; x_wconf 75' lang='lat' dir='ltr'>esse</span> <span class='ocrx_word' id='word_1_258' title='bbox 337 1519 475 1554; x_wconf 85' lang='lat' dir='ltr'>magna,</span> <span class='ocrx_word' id='word_1_259' title='bbox 496 1508 552 1544; x_wconf 86' lang='lat' dir='ltr'>vel</span> <span class='ocrx_word' id='word_1_260' title='bbox 562 1514 691 1556; x_wconf 82' lang='lat' dir='ltr'>pauca,</span> <span class='ocrx_word' id='word_1_261' title='bbox 712 1510 767 1545; x_wconf 80' lang='lat' dir='ltr'>vel</span> <span class='ocrx_word' id='word_1_262' title='bbox 781 1511 937 1558; x_wconf 80' lang='lat' dir='ltr'>parva];</span> <span class='ocrx_word' id='word_1_263' title='bbox 960 1520 1046 1559; x_wconf 90' lang='lat' dir='ltr'>puta</span> <span class='ocrx_word' id='word_1_264' title='bbox 1062 1521 1209 1560; x_wconf 85' lang='lat' dir='ltr'>magna,</span> <span class='ocrx_word' id='word_1_265' title='bbox 1227 1513 1286 1548; x_wconf 77' lang='lat' dir='ltr'>vel</span> <span class='ocrx_word' id='word_1_266' title='bbox 1301 1525 1411 1561; x_wconf 74' lang='lat' dir='ltr'>parva</span> <span class='ocrx_word' id='word_1_267' title='bbox 1427 1515 1574 1556; x_wconf 90' lang='lat' dir='ltr'>sanitas,</span> <span class='ocrx_word' id='word_1_268' title='bbox 1591 1515 1651 1549; x_wconf 79' lang='lat' dir='ltr'>vel</span> 
     </span>
     <span class='ocr_line' id='line_1_26' title="bbox 10 1555 1653 1616; baseline 0.005 -22"><span class='ocrx_word' id='word_1_269' title='bbox 10 1592 11 1598; x_wconf 72' lang='grc'>,</span> <span class='ocrx_word' id='word_1_270' title='bbox 59 1559 231 1595; x_wconf 76' lang='lat' dir='ltr'>scientia:</span> <span class='ocrx_word' id='word_1_271' title='bbox 252 1555 470 1608; x_wconf 82' lang='lat' dir='ltr'>inquantum</span> <span class='ocrx_word' id='word_1_272' title='bbox 491 1573 581 1597; x_wconf 90' lang='lat' dir='ltr'>vero</span> <span class='ocrx_word' id='word_1_273' title='bbox 603 1563 800 1598; x_wconf 87' lang='lat' dir='ltr'>attenditur</span> <span class='ocrx_word' id='word_1_274' title='bbox 820 1564 997 1612; x_wconf 87' lang='lat' dir='ltr'>perfectio</span> <span class='ocrx_word' id='word_1_275' title='bbox 1014 1565 1158 1602; x_wconf 89' lang='lat' dir='ltr'>formae</span> <span class='ocrx_word' id='word_1_276' title='bbox 1185 1568 1389 1602; x_wconf 89' lang='lat' dir='ltr'>secundum</span> <span class='ocrx_word' id='word_1_277' title='bbox 1407 1568 1653 1616; x_wconf 86' lang='lat' dir='ltr'>participatio-</span> 
     </span>
    </p>

    <p class='ocr_par' dir='ltr' id='par_1_6' title="bbox 0 1614 1650 1722">
     <span class='ocr_line' id='line_1_27' title="bbox 58 1614 1650 1668; baseline 0.006 -20"><span class='ocrx_word' id='word_1_278' title='bbox 58 1623 146 1648; x_wconf 88' lang='lat' dir='ltr'>nem</span> <span class='ocrx_word' id='word_1_279' title='bbox 166 1614 332 1661; x_wconf 71' lang='lat' dir='ltr'>subJecti,</span> <span class='ocrx_word' id='word_1_280' title='bbox 353 1615 487 1650; x_wconf 90' lang='lat' dir='ltr'>dicitur</span> <span class='ocrx_word' id='word_1_281' title='bbox 505 1618 622 1664; x_wconf 83' lang='lat' dir='ltr'>magis,</span> <span class='ocrx_word' id='word_1_282' title='bbox 637 1625 673 1652; x_wconf 89' lang='lat' dir='ltr'>et</span> <span class='ocrx_word' id='word_1_283' title='bbox 687 1619 817 1660; x_wconf 72' lang='lat' dir='ltr'>minus:</span> <span class='ocrx_word' id='word_1_284' title='bbox 835 1627 922 1666; x_wconf 89' lang='lat' dir='ltr'>puta</span> <span class='ocrx_word' id='word_1_285' title='bbox 943 1621 1073 1668; x_wconf 86' lang='lat' dir='ltr'>magis,</span> <span class='ocrx_word' id='word_1_286' title='bbox 1086 1620 1146 1655; x_wconf 74' lang='lat' dir='ltr'>vel</span> <span class='ocrx_word' id='word_1_287' title='bbox 1160 1622 1284 1656; x_wconf 90' lang='lat' dir='ltr'>minus</span> <span class='ocrx_word' id='word_1_288' title='bbox 1300 1621 1436 1665; x_wconf 89' lang='lat' dir='ltr'>album,</span> <span class='ocrx_word' id='word_1_289' title='bbox 1452 1630 1487 1657; x_wconf 85' lang='lat' dir='ltr'>et</span> <span class='ocrx_word' id='word_1_290' title='bbox 1499 1634 1650 1657; x_wconf 88' lang='lat' dir='ltr'>sanum:</span> 
     </span>
     <span class='ocr_line' id='line_1_28' title="bbox 0 1669 1650 1722; baseline 0.007 -21"><span class='ocrx_word' id='word_1_291' title='bbox 0 1677 6 1684; x_wconf 85' lang='lat'><em>·</em></span> <span class='ocrx_word' id='word_1_292' title='bbox 58 1678 135 1703; x_wconf 89' lang='lat' dir='ltr'>non</span> <span class='ocrx_word' id='word_1_293' title='bbox 156 1675 280 1703; x_wconf 87' lang='lat' dir='ltr'>autem</span> <span class='ocrx_word' id='word_1_294' title='bbox 301 1669 370 1704; x_wconf 86' lang='lat' dir='ltr'>ista</span> <span class='ocrx_word' id='word_1_295' title='bbox 387 1669 574 1706; x_wconf 89' lang='lat' dir='ltr'>distinctio</span> <span class='ocrx_word' id='word_1_296' title='bbox 600 1671 767 1718; x_wconf 88' lang='lat' dir='ltr'>procedit</span> <span class='ocrx_word' id='word_1_297' title='bbox 793 1674 997 1708; x_wconf 89' lang='lat' dir='ltr'>secundum</span> <span class='ocrx_word' id='word_1_298' title='bbox 1023 1675 1110 1718; x_wconf 89' lang='lat' dir='ltr'>hoc,</span> <span class='ocrx_word' id='word_1_299' title='bbox 1138 1675 1237 1722; x_wconf 89' lang='lat' dir='ltr'>quod</span> <span class='ocrx_word' id='word_1_300' title='bbox 1263 1675 1384 1710; x_wconf 88' lang='lat' dir='ltr'>forma</span> <span class='ocrx_word' id='word_1_301' title='bbox 1409 1676 1545 1711; x_wconf 87' lang='lat' dir='ltr'>habeat</span> <span class='ocrx_word' id='word_1_302' title='bbox 1571 1688 1650 1712; x_wconf 90' lang='lat' dir='ltr'>esse</span> 
     </span>
    </p>

    <p class='ocr_par' dir='ltr' id='par_1_7' title="bbox 58 1723 1651 1777">
     <span class='ocr_line' id='line_1_29' title="bbox 58 1723 1651 1777; baseline 0.006 -21"><span class='ocrx_word' id='word_1_303' title='bbox 58 1729 202 1769; x_wconf 86' lang='lat' dir='ltr'>praeter</span> <span class='ocrx_word' id='word_1_304' title='bbox 215 1723 421 1767; x_wconf 88' lang='lat' dir='ltr'>materiam,</span> <span class='ocrx_word' id='word_1_305' title='bbox 436 1732 498 1759; x_wconf 86' lang='lat' dir='ltr'>aut</span> <span class='ocrx_word' id='word_1_306' title='bbox 512 1725 738 1772; x_wconf 84' lang='lat' dir='ltr'>subjectum3</span> <span class='ocrx_word' id='word_1_307' title='bbox 761 1727 822 1761; x_wconf 94' lang='lat' dir='ltr'>sed</span> <span class='ocrx_word' id='word_1_308' title='bbox 838 1727 923 1774; x_wconf 89' lang='lat' dir='ltr'>quia</span> <span class='ocrx_word' id='word_1_309' title='bbox 938 1728 1009 1763; x_wconf 89' lang='lat' dir='ltr'>alia</span> <span class='ocrx_word' id='word_1_310' title='bbox 1024 1737 1078 1764; x_wconf 90' lang='lat' dir='ltr'>est</span> <span class='ocrx_word' id='word_1_311' title='bbox 1092 1729 1339 1765; x_wconf 88' lang='lat' dir='ltr'>consideratio</span> <span class='ocrx_word' id='word_1_312' title='bbox 1355 1731 1431 1777; x_wconf 89' lang='lat' dir='ltr'>ejus</span> <span class='ocrx_word' id='word_1_313' title='bbox 1447 1731 1651 1766; x_wconf 89' lang='lat' dir='ltr'>secundum</span> 
     </span>
    </p>

    <p class='ocr_par' dir='ltr' id='par_1_8' title="bbox 58 1775 1536 1831">
     <span class='ocr_line' id='line_1_30' title="bbox 58 1775 1536 1831; baseline 0.007 -21"><span class='ocrx_word' id='word_1_314' title='bbox 58 1775 239 1811; x_wconf 88' lang='lat' dir='ltr'>rationem</span> <span class='ocrx_word' id='word_1_315' title='bbox 261 1777 397 1824; x_wconf 87' lang='lat' dir='ltr'>speciei</span> <span class='ocrx_word' id='word_1_316' title='bbox 417 1789 517 1821; x_wconf 88' lang='lat' dir='ltr'>suae,</span> <span class='ocrx_word' id='word_1_317' title='bbox 539 1786 575 1814; x_wconf 95' lang='lat' dir='ltr'>et</span> <span class='ocrx_word' id='word_1_318' title='bbox 596 1779 678 1823; x_wconf 90' lang='lat' dir='ltr'>alia,</span> <span class='ocrx_word' id='word_1_319' title='bbox 700 1781 903 1816; x_wconf 90' lang='lat' dir='ltr'>secundum</span> <span class='ocrx_word' id='word_1_320' title='bbox 926 1783 1024 1829; x_wconf 91' lang='lat' dir='ltr'>quod</span> <span class='ocrx_word' id='word_1_321' title='bbox 1046 1783 1283 1830; x_wconf 88' lang='lat' dir='ltr'>participatur</span> <span class='ocrx_word' id='word_1_322' title='bbox 1299 1785 1336 1819; x_wconf 92' lang='lat' dir='ltr'>in</span> <span class='ocrx_word' id='word_1_323' title='bbox 1360 1785 1536 1831; x_wconf 75' lang='lat' dir='ltr'>subJecto.</span> 
     </span>
    </p>

    <p class='ocr_par' dir='ltr' id='par_1_9' title="bbox 57 1829 1653 1994">
     <span class='ocr_line' id='line_1_31' title="bbox 128 1829 1653 1882; baseline 0.007 -18"><span class='ocrx_word' id='word_1_324' title='bbox 128 1829 344 1866; x_wconf 90' lang='lat' dir='ltr'>Secundum</span> <span class='ocrx_word' id='word_1_325' title='bbox 374 1831 449 1866; x_wconf 89' lang='lat' dir='ltr'>hoc</span> <span class='ocrx_word' id='word_1_326' title='bbox 475 1832 595 1879; x_wconf 86' lang='lat' dir='ltr'>igitur,</span> <span class='ocrx_word' id='word_1_327' title='bbox 619 1833 716 1868; x_wconf 91' lang='lat' dir='ltr'>circa</span> <span class='ocrx_word' id='word_1_328' title='bbox 749 1834 1009 1878; x_wconf 88' lang='lat' dir='ltr'>intensionem,</span> <span class='ocrx_word' id='word_1_329' title='bbox 1031 1845 1067 1872; x_wconf 90' lang='lat' dir='ltr'>et</span> <span class='ocrx_word' id='word_1_330' title='bbox 1096 1838 1354 1872; x_wconf 77' lang='lat' dir='ltr'>remissionem</span> <span class='ocrx_word' id='word_1_331' title='bbox 1381 1838 1587 1882; x_wconf 84' lang='lat' dir='ltr'>habituum,</span> <span class='ocrx_word' id='word_1_332' title='bbox 1615 1848 1653 1875; x_wconf 90' lang='lat' dir='ltr'>et</span> 
     </span>
     <span class='ocr_line' id='line_1_32' title="bbox 57 1881 1651 1939; baseline 0.007 -22"><span class='ocrx_word' id='word_1_333' title='bbox 57 1881 262 1918; x_wconf 86' lang='lat' dir='ltr'>formarum</span> <span class='ocrx_word' id='word_1_334' title='bbox 281 1883 429 1920; x_wconf 90' lang='lat' dir='ltr'>fuerunt</span> <span class='ocrx_word' id='word_1_335' title='bbox 448 1891 595 1933; x_wconf 77' lang='lat' dir='ltr'>quatuor</span> <span class='ocrx_word' id='word_1_336' title='bbox 613 1887 807 1934; x_wconf 87' lang='lat' dir='ltr'>opiniones</span> <span class='ocrx_word' id='word_1_337' title='bbox 830 1890 924 1936; x_wconf 86' lang='lat' dir='ltr'>apud</span> <span class='ocrx_word' id='word_1_338' title='bbox 945 1890 1206 1938; x_wconf 82' lang='lat' dir='ltr'>Philosophos,</span> <span class='ocrx_word' id='word_1_339' title='bbox 1234 1900 1273 1926; x_wconf 90' lang='lat' dir='ltr'>ut</span> <span class='ocrx_word' id='word_1_340' title='bbox 1293 1892 1505 1939; x_wconf 87' lang='lat' dir='ltr'>Simplicius</span> <span class='ocrx_word' id='word_1_341' title='bbox 1527 1903 1651 1928; x_wconf 90' lang='lat' dir='ltr'>narrat</span> 
     </span>
     <span class='ocr_line' id='line_1_33' title="bbox 57 1936 1653 1994; baseline 0.007 -23"><span class='ocrx_word' id='word_1_342' title='bbox 57 1936 95 1972; x_wconf 91' lang='lat' dir='ltr'>in</span> <span class='ocrx_word' id='word_1_343' title='bbox 115 1946 318 1973; x_wconf 89' lang='lat' dir='ltr'>comment.</span> <span class='ocrx_word' id='word_1_344' title='bbox 339 1938 569 1975; x_wconf 89' lang='lat' dir='ltr'>Praedicam.</span> <span class='ocrx_word' id='word_1_345' title='bbox 585 1940 676 1989; x_wconf 84' lang='lat' dir='ltr'>(cap.</span> <span class='ocrx_word' id='word_1_346' title='bbox 699 1942 737 1977; x_wconf 74' lang='lat' dir='ltr'>de</span> <span class='ocrx_word' id='word_1_347' title='bbox 753 1943 925 1989; x_wconf 82' lang='lat' dir='ltr'>Qualit.):</span> <span class='ocrx_word' id='word_1_348' title='bbox 947 1944 1099 1980; x_wconf 78' lang='lat' dir='ltr'>Plotinus</span> <span class='ocrx_word' id='word_1_349' title='bbox 1114 1946 1225 1988; x_wconf 88' lang='lat' dir='ltr'>enim,</span> <span class='ocrx_word' id='word_1_350' title='bbox 1249 1954 1285 1981; x_wconf 88' lang='lat' dir='ltr'>et</span> <span class='ocrx_word' id='word_1_351' title='bbox 1303 1947 1363 1981; x_wconf 85' lang='lat' dir='ltr'>alii</span> <span class='ocrx_word' id='word_1_352' title='bbox 1384 1946 1565 1982; x_wconf 89' lang='lat' dir='ltr'>Platonici</span> <span class='ocrx_word' id='word_1_353' title='bbox 1587 1959 1653 1994; x_wconf 93' lang='lat' dir='ltr'>po-</span> 
     </span>
    </p>

    <p class='ocr_par' dir='ltr' id='par_1_10' title="bbox 11 1990 1699 2048">
     <span class='ocr_line' id='line_1_34' title="bbox 11 1990 1699 2048; baseline 0.007 -23"><span class='ocrx_word' id='word_1_354' title='bbox 11 1995 23 2033; x_wconf 80' lang='grc'>,’</span> <span class='ocrx_word' id='word_1_355' title='bbox 57 1990 205 2036; x_wconf 83' lang='lat' dir='ltr'>nebant,</span> <span class='ocrx_word' id='word_1_356' title='bbox 218 1992 317 2039; x_wconf 88' lang='lat' dir='ltr'>ipsas</span> <span class='ocrx_word' id='word_1_357' title='bbox 330 1992 537 2040; x_wconf 83' lang='lat' dir='ltr'>qualitates,</span> <span class='ocrx_word' id='word_1_358' title='bbox 559 2002 594 2029; x_wconf 90' lang='lat' dir='ltr'>et</span> <span class='ocrx_word' id='word_1_359' title='bbox 608 1995 753 2031; x_wconf 88' lang='lat' dir='ltr'>habitus</span> <span class='ocrx_word' id='word_1_360' title='bbox 776 1997 960 2044; x_wconf 88' lang='lat' dir='ltr'>suscipere</span> <span class='ocrx_word' id='word_1_361' title='bbox 976 2000 1094 2045; x_wconf 79' lang='lat' dir='ltr'>magis,</span> <span class='ocrx_word' id='word_1_362' title='bbox 1109 2007 1144 2034; x_wconf 93' lang='lat' dir='ltr'>et</span> <span class='ocrx_word' id='word_1_363' title='bbox 1164 2001 1284 2043; x_wconf 77' lang='lat' dir='ltr'>minus,</span> <span class='ocrx_word' id='word_1_364' title='bbox 1300 2008 1448 2047; x_wconf 90' lang='lat' dir='ltr'>propter</span> <span class='ocrx_word' id='word_1_365' title='bbox 1461 2001 1534 2036; x_wconf 90' lang='lat' dir='ltr'>hoc</span> <span class='ocrx_word' id='word_1_366' title='bbox 1550 2002 1648 2048; x_wconf 93' lang='lat' dir='ltr'>quod</span> <span class='ocrx_word' id='word_1_367' title='bbox 1695 2014 1699 2018; x_wconf 82' lang='grc'><strong>’</strong></span> 
     </span>
    </p>

    <p class='ocr_par' dir='ltr' id='par_1_11' title="bbox 0 2045 1652 2967">
     <span class='ocr_line' id='line_1_35' title="bbox 13 2045 1652 2102; baseline 0.007 -23"><span class='ocrx_word' id='word_1_368' title='bbox 13 2068 21 2094; x_wconf 78' lang='lat'>,</span> <span class='ocrx_word' id='word_1_369' title='bbox 58 2045 266 2082; x_wconf 87' lang='lat' dir='ltr'>materiales</span> <span class='ocrx_word' id='word_1_370' title='bbox 287 2054 409 2090; x_wconf 88' lang='lat' dir='ltr'>erant;</span> <span class='ocrx_word' id='word_1_371' title='bbox 430 2055 467 2082; x_wconf 91' lang='lat' dir='ltr'>et</span> <span class='ocrx_word' id='word_1_372' title='bbox 487 2059 531 2083; x_wconf 87' lang='lat' dir='ltr'>ex</span> <span class='ocrx_word' id='word_1_373' title='bbox 557 2048 629 2084; x_wconf 91' lang='lat' dir='ltr'>hoc</span> <span class='ocrx_word' id='word_1_374' title='bbox 651 2049 837 2086; x_wconf 87' lang='lat' dir='ltr'>habebant</span> <span class='ocrx_word' id='word_1_375' title='bbox 863 2051 1247 2088; x_wconf 85' lang='lat' dir='ltr'>indeterminationem</span> <span class='ocrx_word' id='word_1_376' title='bbox 1275 2055 1475 2100; x_wconf 88' lang='lat' dir='ltr'>quamdam</span> <span class='ocrx_word' id='word_1_377' title='bbox 1501 2064 1652 2102; x_wconf 89' lang='lat' dir='ltr'>propter</span> 
     </span>
     <span class='ocr_line' id='line_1_36' title="bbox 9 2095 1648 2156; baseline 0.007 -23"><span class='ocrx_word' id='word_1_378' title='bbox 9 2095 13 2098; x_wconf 42' lang='lat'><strong><em>⁴</em></strong></span> <span class='ocrx_word' id='word_1_379' title='bbox 56 2099 232 2135; x_wconf 87' lang='lat' dir='ltr'>materiae</span> <span class='ocrx_word' id='word_1_380' title='bbox 245 2099 482 2136; x_wconf 86' lang='lat' dir='ltr'>infinitatem:</span> <span class='ocrx_word' id='word_1_381' title='bbox 505 2101 567 2136; x_wconf 92' lang='lat' dir='ltr'>alii</span> <span class='ocrx_word' id='word_1_382' title='bbox 587 2114 676 2138; x_wconf 93' lang='lat' dir='ltr'>vero</span> <span class='ocrx_word' id='word_1_383' title='bbox 695 2104 732 2138; x_wconf 91' lang='lat' dir='ltr'>in</span> <span class='ocrx_word' id='word_1_384' title='bbox 749 2105 974 2140; x_wconf 88' lang='lat' dir='ltr'>contrarium</span> <span class='ocrx_word' id='word_1_385' title='bbox 990 2107 1187 2153; x_wconf 86' lang='lat' dir='ltr'>ponebant,</span> <span class='ocrx_word' id='word_1_386' title='bbox 1202 2108 1301 2154; x_wconf 90' lang='lat' dir='ltr'>quod</span> <span class='ocrx_word' id='word_1_387' title='bbox 1316 2108 1417 2155; x_wconf 87' lang='lat' dir='ltr'>ipsae</span> <span class='ocrx_word' id='word_1_388' title='bbox 1440 2109 1648 2156; x_wconf 87' lang='lat' dir='ltr'>qualitates,</span> 
     </span>
     <span class='ocr_line' id='line_1_37' title="bbox 57 2153 1648 2209; baseline 0.007 -21"><span class='ocrx_word' id='word_1_389' title='bbox 57 2160 95 2188; x_wconf 86' lang='lat' dir='ltr'>et</span> <span class='ocrx_word' id='word_1_390' title='bbox 112 2153 258 2189; x_wconf 87' lang='lat' dir='ltr'>habitus</span> <span class='ocrx_word' id='word_1_391' title='bbox 278 2155 484 2191; x_wconf 87' lang='lat' dir='ltr'>secundum</span> <span class='ocrx_word' id='word_1_392' title='bbox 504 2168 543 2192; x_wconf 90' lang='lat' dir='ltr'>se</span> <span class='ocrx_word' id='word_1_393' title='bbox 564 2168 640 2192; x_wconf 91' lang='lat' dir='ltr'>non</span> <span class='ocrx_word' id='word_1_394' title='bbox 663 2158 887 2204; x_wconf 90' lang='lat' dir='ltr'>recipiebant</span> <span class='ocrx_word' id='word_1_395' title='bbox 904 2161 1022 2207; x_wconf 81' lang='lat' dir='ltr'>magis,</span> <span class='ocrx_word' id='word_1_396' title='bbox 1045 2169 1081 2196; x_wconf 91' lang='lat' dir='ltr'>et</span> <span class='ocrx_word' id='word_1_397' title='bbox 1102 2163 1234 2198; x_wconf 76' lang='lat' dir='ltr'>minus:</span> <span class='ocrx_word' id='word_1_398' title='bbox 1257 2162 1320 2197; x_wconf 89' lang='lat' dir='ltr'>sed</span> <span class='ocrx_word' id='word_1_399' title='bbox 1343 2163 1458 2209; x_wconf 79' lang='lat' dir='ltr'>qualia</span> <span class='ocrx_word' id='word_1_400' title='bbox 1477 2163 1648 2199; x_wconf 89' lang='lat' dir='ltr'>dicuntur</span> 
     </span>
     <span class='ocr_line' id='line_1_38' title="bbox 55 2209 1647 2263; baseline 0.007 -21"><span class='ocrx_word' id='word_1_401' title='bbox 55 2209 176 2255; x_wconf 81' lang='lat' dir='ltr'>magis,</span> <span class='ocrx_word' id='word_1_402' title='bbox 197 2216 235 2243; x_wconf 90' lang='lat' dir='ltr'>et</span> <span class='ocrx_word' id='word_1_403' title='bbox 253 2210 378 2252; x_wconf 81' lang='lat' dir='ltr'>minus,</span> <span class='ocrx_word' id='word_1_404' title='bbox 392 2210 597 2245; x_wconf 89' lang='lat' dir='ltr'>secundum</span> <span class='ocrx_word' id='word_1_405' title='bbox 619 2211 800 2247; x_wconf 87' lang='lat' dir='ltr'>diversam</span> <span class='ocrx_word' id='word_1_406' title='bbox 820 2214 1164 2261; x_wconf 89' lang='lat' dir='ltr'>participationem:</span> <span class='ocrx_word' id='word_1_407' title='bbox 1187 2224 1273 2263; x_wconf 85' lang='lat' dir='ltr'>puta</span> <span class='ocrx_word' id='word_1_408' title='bbox 1292 2217 1391 2263; x_wconf 89' lang='lat' dir='ltr'>quod</span> <span class='ocrx_word' id='word_1_409' title='bbox 1414 2218 1550 2263; x_wconf 87' lang='lat' dir='ltr'>justitia</span> <span class='ocrx_word' id='word_1_410' title='bbox 1571 2229 1647 2252; x_wconf 92' lang='lat' dir='ltr'>non</span> 
     </span>
     <span class='ocr_line' id='line_1_39' title="bbox 56 2260 1647 2317; baseline 0.007 -21"><span class='ocrx_word' id='word_1_411' title='bbox 56 2260 199 2297; x_wconf 85' lang='lat' dir='ltr'>dicatur</span> <span class='ocrx_word' id='word_1_412' title='bbox 216 2264 336 2310; x_wconf 82' lang='lat' dir='ltr'>magis,</span> <span class='ocrx_word' id='word_1_413' title='bbox 357 2271 393 2299; x_wconf 90' lang='lat' dir='ltr'>et</span> <span class='ocrx_word' id='word_1_414' title='bbox 410 2265 533 2307; x_wconf 83' lang='lat' dir='ltr'>minus,</span> <span class='ocrx_word' id='word_1_415' title='bbox 555 2265 617 2300; x_wconf 89' lang='lat' dir='ltr'>sed</span> <span class='ocrx_word' id='word_1_416' title='bbox 640 2266 796 2311; x_wconf 90' lang='lat' dir='ltr'>justum;</span> <span class='ocrx_word' id='word_1_417' title='bbox 819 2275 855 2302; x_wconf 90' lang='lat' dir='ltr'>et</span> <span class='ocrx_word' id='word_1_418' title='bbox 875 2267 970 2303; x_wconf 90' lang='lat' dir='ltr'>hanc</span> <span class='ocrx_word' id='word_1_419' title='bbox 993 2269 1209 2316; x_wconf 89' lang='lat' dir='ltr'>opinionem</span> <span class='ocrx_word' id='word_1_420' title='bbox 1231 2271 1348 2317; x_wconf 87' lang='lat' dir='ltr'>tangit</span> <span class='ocrx_word' id='word_1_421' title='bbox 1370 2271 1586 2307; x_wconf 87' lang='lat' dir='ltr'>Aristoteles</span> <span class='ocrx_word' id='word_1_422' title='bbox 1610 2273 1647 2306; x_wconf 91' lang='lat' dir='ltr'>in</span> 
     </span>
     <span class='ocr_line' id='line_1_40' title="bbox 55 2313 1647 2373; baseline 0.004 -20"><span class='ocrx_word' id='word_1_423' title='bbox 55 2313 368 2353; x_wconf 83' lang='lat' dir='ltr'>Praedicamentis</span> <span class='ocrx_word' id='word_1_424' title='bbox 389 2316 469 2363; x_wconf 88' lang='lat' dir='ltr'>(loc.</span> <span class='ocrx_word' id='word_1_425' title='bbox 490 2320 587 2365; x_wconf 79' lang='lat' dir='ltr'>cit.):</span> <span class='ocrx_word' id='word_1_426' title='bbox 610 2321 708 2355; x_wconf 78' lang='lat' dir='ltr'>tertia</span> <span class='ocrx_word' id='word_1_427' title='bbox 734 2319 801 2355; x_wconf 90' lang='lat' dir='ltr'>fuit</span> <span class='ocrx_word' id='word_1_428' title='bbox 822 2321 947 2368; x_wconf 90' lang='lat' dir='ltr'>opinio</span> <span class='ocrx_word' id='word_1_429' title='bbox 976 2322 1189 2358; x_wconf 84' lang='lat' dir='ltr'>Stoicorum</span> <span class='ocrx_word' id='word_1_430' title='bbox 1218 2325 1339 2359; x_wconf 89' lang='lat' dir='ltr'>media</span> <span class='ocrx_word' id='word_1_431' title='bbox 1365 2325 1459 2359; x_wconf 89' lang='lat' dir='ltr'>inter</span> <span class='ocrx_word' id='word_1_432' title='bbox 1480 2325 1565 2360; x_wconf 88' lang='lat' dir='ltr'>has:</span> <span class='ocrx_word' id='word_1_433' title='bbox 1585 2337 1647 2373; x_wconf 91' lang='lat' dir='ltr'>po-</span> 
     </span>
     <span class='ocr_line' id='line_1_41' title="bbox 30 2364 1647 2425; baseline 0.007 -22"><span class='ocrx_word' id='word_1_434' title='bbox 30 2364 37 2373; x_wconf 90' lang='lat'>&#39;</span> <span class='ocrx_word' id='word_1_435' title='bbox 55 2377 206 2404; x_wconf 77' lang='lat' dir='ltr'>suerunt</span> <span class='ocrx_word' id='word_1_436' title='bbox 217 2370 330 2414; x_wconf 87' lang='lat' dir='ltr'>enim,</span> <span class='ocrx_word' id='word_1_437' title='bbox 342 2371 442 2418; x_wconf 93' lang='lat' dir='ltr'>quod</span> <span class='ocrx_word' id='word_1_438' title='bbox 458 2371 571 2420; x_wconf 89' lang='lat' dir='ltr'>aliqui</span> <span class='ocrx_word' id='word_1_439' title='bbox 584 2373 730 2408; x_wconf 89' lang='lat' dir='ltr'>habitus</span> <span class='ocrx_word' id='word_1_440' title='bbox 744 2375 948 2410; x_wconf 89' lang='lat' dir='ltr'>secundum</span> <span class='ocrx_word' id='word_1_441' title='bbox 964 2387 1002 2411; x_wconf 90' lang='lat' dir='ltr'>se</span> <span class='ocrx_word' id='word_1_442' title='bbox 1018 2377 1198 2425; x_wconf 90' lang='lat' dir='ltr'>recipiunt</span> <span class='ocrx_word' id='word_1_443' title='bbox 1213 2381 1332 2425; x_wconf 76' lang='lat' dir='ltr'>magis,</span> <span class='ocrx_word' id='word_1_444' title='bbox 1349 2387 1384 2413; x_wconf 93' lang='lat' dir='ltr'>et</span> <span class='ocrx_word' id='word_1_445' title='bbox 1403 2381 1523 2422; x_wconf 76' lang='lat' dir='ltr'>minus,</span> <span class='ocrx_word' id='word_1_446' title='bbox 1540 2380 1647 2415; x_wconf 88' lang='lat' dir='ltr'>sicuti</span> 
     </span>
     <span class='ocr_line' id='line_1_42' title="bbox 55 2423 1647 2480; baseline 0.008 -23"><span class='ocrx_word' id='word_1_447' title='bbox 55 2429 169 2458; x_wconf 85' lang='lat' dir='ltr'>artes:</span> <span class='ocrx_word' id='word_1_448' title='bbox 190 2423 342 2471; x_wconf 87' lang='lat' dir='ltr'>quidam</span> <span class='ocrx_word' id='word_1_449' title='bbox 375 2433 500 2460; x_wconf 91' lang='lat' dir='ltr'>autem</span> <span class='ocrx_word' id='word_1_450' title='bbox 520 2437 609 2469; x_wconf 88' lang='lat' dir='ltr'>non,</span> <span class='ocrx_word' id='word_1_451' title='bbox 630 2427 727 2462; x_wconf 89' lang='lat' dir='ltr'>sicut</span> <span class='ocrx_word' id='word_1_452' title='bbox 746 2428 919 2464; x_wconf 87' lang='lat' dir='ltr'>virtutes:</span> <span class='ocrx_word' id='word_1_453' title='bbox 943 2436 1066 2477; x_wconf 85' lang='lat' dir='ltr'>quarta</span> <span class='ocrx_word' id='word_1_454' title='bbox 1088 2432 1215 2479; x_wconf 90' lang='lat' dir='ltr'>opinio</span> <span class='ocrx_word' id='word_1_455' title='bbox 1234 2431 1300 2467; x_wconf 85' lang='lat' dir='ltr'>fuit</span> <span class='ocrx_word' id='word_1_456' title='bbox 1327 2434 1574 2480; x_wconf 90' lang='lat' dir='ltr'>quorumdam</span> <span class='ocrx_word' id='word_1_457' title='bbox 1597 2435 1647 2468; x_wconf 90' lang='lat' dir='ltr'>di-</span> 
     </span>
     <span class='ocr_line' id='line_1_43' title="bbox 56 2477 1644 2534; baseline 0.008 -23"><span class='ocrx_word' id='word_1_458' title='bbox 56 2477 230 2521; x_wconf 80' lang='lat' dir='ltr'>centium,</span> <span class='ocrx_word' id='word_1_459' title='bbox 243 2478 343 2526; x_wconf 89' lang='lat' dir='ltr'>quod</span> <span class='ocrx_word' id='word_1_460' title='bbox 357 2479 564 2526; x_wconf 88' lang='lat' dir='ltr'>qualitates,</span> <span class='ocrx_word' id='word_1_461' title='bbox 577 2489 613 2515; x_wconf 92' lang='lat' dir='ltr'>et</span> <span class='ocrx_word' id='word_1_462' title='bbox 620 2479 762 2516; x_wconf 82' lang='lat' dir='ltr'>formae</span> <span class='ocrx_word' id='word_1_463' title='bbox 777 2482 1040 2520; x_wconf 89' lang='lat' dir='ltr'>immateriales</span> <span class='ocrx_word' id='word_1_464' title='bbox 1050 2497 1126 2520; x_wconf 91' lang='lat' dir='ltr'>non</span> <span class='ocrx_word' id='word_1_465' title='bbox 1138 2486 1320 2534; x_wconf 82' lang='lat' dir='ltr'>recipiunt</span> <span class='ocrx_word' id='word_1_466' title='bbox 1335 2489 1451 2534; x_wconf 76' lang='lat' dir='ltr'>magis,</span> <span class='ocrx_word' id='word_1_467' title='bbox 1463 2495 1498 2522; x_wconf 90' lang='lat' dir='ltr'>et</span> <span class='ocrx_word' id='word_1_468' title='bbox 1513 2490 1644 2530; x_wconf 79' lang='lat' dir='ltr'>minus,-</span> 
     </span>
     <span class='ocr_line' id='line_1_44' title="bbox 0 2530 1647 2584; baseline 0.008 -19"><span class='ocrx_word' id='word_1_469' title='bbox 0 2562 1 2567; x_wconf 72' lang='grc'>,</span> <span class='ocrx_word' id='word_1_470' title='bbox 54 2530 263 2567; x_wconf 80' lang='lat' dir='ltr'>materiales</span> <span class='ocrx_word' id='word_1_471' title='bbox 283 2540 407 2568; x_wconf 88' lang='lat' dir='ltr'>autem</span> <span class='ocrx_word' id='word_1_472' title='bbox 425 2534 615 2581; x_wconf 89' lang='lat' dir='ltr'>recipiunt.</span> <span class='ocrx_word' id='word_1_473' title='bbox 639 2535 690 2570; x_wconf 89' lang='lat' dir='ltr'>Ut</span> <span class='ocrx_word' id='word_1_474' title='bbox 710 2536 821 2583; x_wconf 87' lang='lat' dir='ltr'>igitur</span> <span class='ocrx_word' id='word_1_475' title='bbox 840 2537 948 2584; x_wconf 88' lang='lat' dir='ltr'>hujus</span> <span class='ocrx_word' id='word_1_476' title='bbox 971 2540 1023 2574; x_wconf 85' lang='lat' dir='ltr'>rei</span> <span class='ocrx_word' id='word_1_477' title='bbox 1044 2541 1177 2575; x_wconf 88' lang='lat' dir='ltr'>veritas</span> <span class='ocrx_word' id='word_1_478' title='bbox 1197 2540 1461 2584; x_wconf 82' lang='lat' dir='ltr'>manifestetur,</span> <span class='ocrx_word' id='word_1_479' title='bbox 1481 2543 1647 2578; x_wconf 87' lang='lat' dir='ltr'>conside·</span> 
     </span>
     <span class='ocr_line' id='line_1_45' title="bbox 54 2584 1644 2643; baseline 0.008 -24"><span class='ocrx_word' id='word_1_480' title='bbox 54 2584 210 2620; x_wconf 83' lang='lat' dir='ltr'>randum</span> <span class='ocrx_word' id='word_1_481' title='bbox 225 2593 291 2629; x_wconf 79' lang='lat' dir='ltr'>est,</span> <span class='ocrx_word' id='word_1_482' title='bbox 311 2587 411 2634; x_wconf 92' lang='lat' dir='ltr'>quod</span> <span class='ocrx_word' id='word_1_483' title='bbox 425 2586 527 2630; x_wconf 92' lang='lat' dir='ltr'>illud,</span> <span class='ocrx_word' id='word_1_484' title='bbox 545 2589 751 2624; x_wconf 88' lang='lat' dir='ltr'>secundum</span> <span class='ocrx_word' id='word_1_485' title='bbox 769 2591 867 2638; x_wconf 90' lang='lat' dir='ltr'>quod</span> <span class='ocrx_word' id='word_1_486' title='bbox 882 2593 1031 2628; x_wconf 87' lang='lat' dir='ltr'>sortitur</span> <span class='ocrx_word' id='word_1_487' title='bbox 1052 2593 1189 2641; x_wconf 89' lang='lat' dir='ltr'>aliquid</span> <span class='ocrx_word' id='word_1_488' title='bbox 1205 2595 1379 2642; x_wconf 88' lang='lat' dir='ltr'>speciem,</span> <span class='ocrx_word' id='word_1_489' title='bbox 1399 2604 1546 2643; x_wconf 88' lang='lat' dir='ltr'>oportet</span> <span class='ocrx_word' id='word_1_490' title='bbox 1565 2608 1644 2632; x_wconf 89' lang='lat' dir='ltr'>esse</span> 
     </span>
     <span class='ocr_line' id='line_1_46' title="bbox 53 2635 1644 2697; baseline 0.009 -25"><span class='ocrx_word' id='word_1_491' title='bbox 53 2635 180 2682; x_wconf 79' lang='lat' dir='ltr'>fixum,</span> <span class='ocrx_word' id='word_1_492' title='bbox 210 2647 247 2674; x_wconf 91' lang='lat' dir='ltr'>et</span> <span class='ocrx_word' id='word_1_493' title='bbox 266 2648 378 2684; x_wconf 87' lang='lat' dir='ltr'>stans,</span> <span class='ocrx_word' id='word_1_494' title='bbox 398 2648 435 2676; x_wconf 89' lang='lat' dir='ltr'>et</span> <span class='ocrx_word' id='word_1_495' title='bbox 466 2642 571 2688; x_wconf 89' lang='lat' dir='ltr'>quasi</span> <span class='ocrx_word' id='word_1_496' title='bbox 596 2642 833 2680; x_wconf 88' lang='lat' dir='ltr'>indivisibile:</span> <span class='ocrx_word' id='word_1_497' title='bbox 862 2657 1118 2695; x_wconf 88' lang='lat' dir='ltr'>quaecumque</span> <span class='ocrx_word' id='word_1_498' title='bbox 1145 2648 1244 2683; x_wconf 88' lang='lat' dir='ltr'>enim</span> <span class='ocrx_word' id='word_1_499' title='bbox 1268 2649 1312 2684; x_wconf 91' lang='lat' dir='ltr'>ad</span> <span class='ocrx_word' id='word_1_500' title='bbox 1334 2649 1422 2684; x_wconf 85' lang='lat' dir='ltr'>illud</span> <span class='ocrx_word' id='word_1_501' title='bbox 1451 2650 1644 2697; x_wconf 89' lang='lat' dir='ltr'>attingunt,</span> 
     </span>
     <span class='ocr_line' id='line_1_47' title="bbox 51 2691 1643 2751; baseline 0.008 -24"><span class='ocrx_word' id='word_1_502' title='bbox 51 2691 122 2728; x_wconf 67' lang='lat' dir='ltr'>sub</span> <span class='ocrx_word' id='word_1_503' title='bbox 135 2693 258 2740; x_wconf 82' lang='lat' dir='ltr'>specie</span> <span class='ocrx_word' id='word_1_504' title='bbox 278 2694 529 2730; x_wconf 86' lang='lat' dir='ltr'>continentur:</span> <span class='ocrx_word' id='word_1_505' title='bbox 553 2707 808 2746; x_wconf 89' lang='lat' dir='ltr'>quaecumque</span> <span class='ocrx_word' id='word_1_506' title='bbox 823 2708 946 2735; x_wconf 88' lang='lat' dir='ltr'>autem</span> <span class='ocrx_word' id='word_1_507' title='bbox 962 2701 1137 2737; x_wconf 91' lang='lat' dir='ltr'>recedunt</span> <span class='ocrx_word' id='word_1_508' title='bbox 1151 2703 1194 2737; x_wconf 91' lang='lat' dir='ltr'>ab</span> <span class='ocrx_word' id='word_1_509' title='bbox 1210 2702 1286 2745; x_wconf 89' lang='lat' dir='ltr'>illo,</span> <span class='ocrx_word' id='word_1_510' title='bbox 1301 2703 1359 2738; x_wconf 90' lang='lat' dir='ltr'>vel</span> <span class='ocrx_word' id='word_1_511' title='bbox 1374 2703 1409 2738; x_wconf 86' lang='lat' dir='ltr'>in</span> <span class='ocrx_word' id='word_1_512' title='bbox 1424 2703 1515 2751; x_wconf 85' lang='lat' dir='ltr'>plus,</span> <span class='ocrx_word' id='word_1_513' title='bbox 1533 2704 1592 2739; x_wconf 85' lang='lat' dir='ltr'>vel</span> <span class='ocrx_word' id='word_1_514' title='bbox 1607 2706 1643 2740; x_wconf 85' lang='lat' dir='ltr'>in</span> 
     </span>
     <span class='ocr_line' id='line_1_48' title="bbox 50 2744 1641 2804; baseline 0.008 -24"><span class='ocrx_word' id='word_1_515' title='bbox 50 2744 188 2789; x_wconf 71' lang='lat' dir='ltr'>minus,</span> <span class='ocrx_word' id='word_1_516' title='bbox 207 2747 391 2794; x_wconf 87' lang='lat' dir='ltr'>pertinent</span> <span class='ocrx_word' id='word_1_517' title='bbox 422 2748 468 2783; x_wconf 88' lang='lat' dir='ltr'>ad</span> <span class='ocrx_word' id='word_1_518' title='bbox 495 2748 607 2784; x_wconf 85' lang='lat' dir='ltr'>aliam</span> <span class='ocrx_word' id='word_1_519' title='bbox 633 2751 808 2798; x_wconf 88' lang='lat' dir='ltr'>speciem,</span> <span class='ocrx_word' id='word_1_520' title='bbox 834 2753 895 2788; x_wconf 82' lang='lat' dir='ltr'>vel</span> <span class='ocrx_word' id='word_1_521' title='bbox 924 2753 1195 2802; x_wconf 87' lang='lat' dir='ltr'>perfectiorem,</span> <span class='ocrx_word' id='word_1_522' title='bbox 1221 2756 1280 2792; x_wconf 92' lang='lat' dir='ltr'>vel</span> <span class='ocrx_word' id='word_1_523' title='bbox 1308 2757 1641 2804; x_wconf 88' lang='lat' dir='ltr'>imperfectiorem:</span> 
     </span>
     <span class='ocr_line' id='line_1_49' title="bbox 51 2798 1645 2857; baseline 0.009 -23"><span class='ocrx_word' id='word_1_524' title='bbox 51 2798 151 2836; x_wconf 69' lang='lat' dir='ltr'>unde</span> <span class='ocrx_word' id='word_1_525' title='bbox 171 2799 312 2836; x_wconf 87' lang='lat' dir='ltr'>Philos.</span> <span class='ocrx_word' id='word_1_526' title='bbox 333 2801 422 2837; x_wconf 90' lang='lat' dir='ltr'>dicit</span> <span class='ocrx_word' id='word_1_527' title='bbox 445 2802 483 2837; x_wconf 90' lang='lat' dir='ltr'>in</span> <span class='ocrx_word' id='word_1_528' title='bbox 498 2803 531 2838; x_wconf 89' lang='lat'>8.</span> <span class='ocrx_word' id='word_1_529' title='bbox 554 2803 797 2852; x_wconf 89' lang='lat' dir='ltr'>Metaphysic.</span> <span class='ocrx_word' id='word_1_530' title='bbox 820 2806 899 2851; x_wconf 73' lang='lat' dir='ltr'>(tex.</span> <span class='ocrx_word' id='word_1_531' title='bbox 914 2809 998 2855; x_wconf 68' lang='lat' dir='ltr'>ra),</span> <span class='ocrx_word' id='word_1_532' title='bbox 1022 2809 1120 2856; x_wconf 90' lang='lat' dir='ltr'>quod</span> <span class='ocrx_word' id='word_1_533' title='bbox 1144 2810 1283 2857; x_wconf 86' lang='lat' dir='ltr'>species</span> <span class='ocrx_word' id='word_1_534' title='bbox 1308 2822 1429 2846; x_wconf 89' lang='lat' dir='ltr'>rerum</span> <span class='ocrx_word' id='word_1_535' title='bbox 1446 2820 1529 2847; x_wconf 92' lang='lat' dir='ltr'>sunt</span> <span class='ocrx_word' id='word_1_536' title='bbox 1550 2814 1645 2848; x_wconf 88' lang='lat' dir='ltr'>sicut</span> 
     </span>
     <span class='ocr_line' id='line_1_50' title="bbox 145 2854 1643 2914; baseline 0.009 -25"><span class='ocrx_word' id='word_1_537' title='bbox 145 2854 211 2898; x_wconf 82' lang='lat' dir='ltr'>eri,</span> <span class='ocrx_word' id='word_1_538' title='bbox 223 2855 261 2890; x_wconf 90' lang='lat' dir='ltr'>in</span> <span class='ocrx_word' id='word_1_539' title='bbox 275 2855 405 2903; x_wconf 86' lang='lat' dir='ltr'>quibus</span> <span class='ocrx_word' id='word_1_540' title='bbox 421 2856 571 2901; x_wconf 85' lang='lat' dir='ltr'>additio,</span> <span class='ocrx_word' id='word_1_541' title='bbox 584 2857 644 2894; x_wconf 86' lang='lat' dir='ltr'>vel</span> <span class='ocrx_word' id='word_1_542' title='bbox 658 2859 853 2897; x_wconf 87' lang='lat' dir='ltr'>diminutio</span> <span class='ocrx_word' id='word_1_543' title='bbox 871 2863 988 2898; x_wconf 84' lang='lat' dir='ltr'>variat</span> <span class='ocrx_word' id='word_1_544' title='bbox 1002 2864 1175 2911; x_wconf 86' lang='lat' dir='ltr'>speciem.</span> <span class='ocrx_word' id='word_1_545' title='bbox 1197 2865 1236 2900; x_wconf 89' lang='lat' dir='ltr'>Si</span> <span class='ocrx_word' id='word_1_546' title='bbox 1250 2865 1360 2912; x_wconf 90' lang='lat' dir='ltr'>igitur</span> <span class='ocrx_word' id='word_1_547' title='bbox 1375 2866 1495 2914; x_wconf 85' lang='lat' dir='ltr'>aliqua</span> <span class='ocrx_word' id='word_1_548' title='bbox 1511 2866 1643 2911; x_wconf 88' lang='lat' dir='ltr'>forma,</span> 
     </span>
     <span class='ocr_line' id='line_1_51' title="bbox 58 2905 1643 2967; baseline 0.009 -25"><span class='ocrx_word' id='word_1_549' title='bbox 58 2943 64 2952; x_wconf 61' lang='grc'><em>,</em></span> <span class='ocrx_word' id='word_1_550' title='bbox 99 2905 114 2943; x_wconf 88' lang='lat' dir='ltr'>l</span> <span class='ocrx_word' id='word_1_551' title='bbox 138 2919 395 2957; x_wconf 84' lang='lat' dir='ltr'>quaecumque</span> <span class='ocrx_word' id='word_1_552' title='bbox 425 2921 482 2946; x_wconf 90' lang='lat' dir='ltr'>res</span> <span class='ocrx_word' id='word_1_553' title='bbox 503 2913 706 2948; x_wconf 89' lang='lat' dir='ltr'>secundum</span> <span class='ocrx_word' id='word_1_554' title='bbox 729 2914 900 2962; x_wconf 89' lang='lat' dir='ltr'>seipsam,</span> <span class='ocrx_word' id='word_1_555' title='bbox 921 2916 980 2952; x_wconf 91' lang='lat' dir='ltr'>vel</span> <span class='ocrx_word' id='word_1_556' title='bbox 997 2917 1201 2953; x_wconf 89' lang='lat' dir='ltr'>secundum</span> <span class='ocrx_word' id='word_1_557' title='bbox 1231 2919 1366 2967; x_wconf 86' lang='lat' dir='ltr'>aliquid</span> <span class='ocrx_word' id='word_1_558' title='bbox 1389 2921 1444 2955; x_wconf 92' lang='lat' dir='ltr'>sui</span> <span class='ocrx_word' id='word_1_559' title='bbox 1470 2923 1643 2956; x_wconf 77' lang='lat' dir='ltr'>sortiatur</span> 
     </span>
    </p>
   </div>
   <div class='ocr_carea' id='block_1_3' title="bbox 6 2172 27 2221">
    <p class='ocr_par' dir='ltr' id='par_1_12' title="bbox 6 2172 27 2221">
     <span class='ocr_line' id='line_1_52' title="bbox 6 2172 25 2198; baseline 0 0"><span class='ocrx_word' id='word_1_560' title='bbox 6 2172 25 2198; x_wconf 69' lang='lat'>*-</span> 
     </span>
     <span class='ocr_line' id='line_1_53' title="bbox 7 2203 27 2221; baseline 0 -5"><span class='ocrx_word' id='word_1_561' title='bbox 7 2203 27 2221; x_wconf 61' lang='lat' dir='ltr'>p</span> 
     </span>
    </p>
   </div>
   <div class='ocr_carea' id='block_1_4' title="bbox 0 2214 99 2998">
    <p class='ocr_par' dir='ltr' id='par_1_13' title="bbox 0 2214 99 2998">
     <span class='ocr_line' id='line_1_54' title="bbox 0 2214 41 2403; baseline 0 -58"><span class='ocrx_word' id='word_1_562' title='bbox 0 2214 41 2403; x_wconf 95' lang='lat' dir='ltr'>   </span> 
     </span>
     <span class='ocr_line' id='line_1_55' title="bbox 1 2403 44 2452; baseline 0 746"><span class='ocrx_word' id='word_1_563' title='bbox 1 2403 44 2452; x_wconf 95' lang='lat' dir='ltr'> </span> 
     </span>
     <span class='ocr_line' id='line_1_56' title="bbox 2 2452 46 2508; baseline 0 690"><span class='ocrx_word' id='word_1_564' title='bbox 2 2452 46 2508; x_wconf 95' lang='lat' dir='ltr'> </span> 
     </span>
     <span class='ocr_line' id='line_1_57' title="bbox 0 2508 46 2562; baseline 0 636"><span class='ocrx_word' id='word_1_565' title='bbox 0 2508 46 2562; x_wconf 95' lang='lat' dir='ltr'> </span> 
     </span>
     <span class='ocr_line' id='line_1_58' title="bbox 0 2562 49 2672; baseline 0 -61"><span class='ocrx_word' id='word_1_566' title='bbox 0 2562 49 2672; x_wconf 95' lang='lat' dir='ltr'>  </span> 
     </span>
     <span class='ocr_line' id='line_1_59' title="bbox 0 2672 49 2728; baseline 0 470"><span class='ocrx_word' id='word_1_567' title='bbox 0 2672 49 2728; x_wconf 95' lang='lat' dir='ltr'> </span> 
     </span>
     <span class='ocr_line' id='line_1_60' title="bbox 10 2728 47 2781; baseline 0 417"><span class='ocrx_word' id='word_1_568' title='bbox 10 2728 47 2781; x_wconf 95' lang='lat' dir='ltr'> </span> 
     </span>
     <span class='ocr_line' id='line_1_61' title="bbox 10 2781 99 2998; baseline 0 0"><span class='ocrx_word' id='word_1_569' title='bbox 10 2781 99 2998; x_wconf 95' lang='lat' dir='ltr'>   </span> 
     </span>
    </p>
   </div>
  </div>
 </body>
</html>
