1875 3198
232 207 315 261 760
676 211 896 249 QUAESTIO
932 211 1004 241 CII.
1039 209 1283 240 ARTICULUS
1318 209 1358 238 V.

231 311 273 334 ex
294 307 463 334 contactu
492 306 804 344 quarumcumque
831 305 950 329 rerum
977 293 1258 328 immundarum.
1287 292 1440 326 Istarum
1462 298 1583 326 autem
1604 290 1797 325 immundi-

230 354 361 389 tiarum
384 360 460 387 erat
481 351 572 386 ratio
595 358 629 385 et
647 350 794 392 literalis,
811 356 847 384 et
855 348 1021 394 figuralis.
1045 346 1211 381 Literalis
1229 345 1375 392 quidem
1393 352 1540 391 propter
1557 344 1796 379 reverentiam

231 418 370 448 eorum,
398 417 488 452 quae
516 406 559 439 ad
581 404 744 438 divinum
767 402 904 436 cultum
926 401 1120 448 pertinent:
1142 409 1220 435 tum
1242 399 1325 446 quia
1346 399 1514 433 homines
1541 398 1715 445 pretiosas
1741 409 1797 432 res

231 461 442 507 contingere
464 471 538 494 non
560 458 688 499 solent,
711 468 795 491 cum
816 455 947 490 fuerint
968 454 1165 490 immundi:
1187 462 1265 488 tum
1293 453 1401 488 etiam
1423 460 1460 487 ut
1481 464 1524 487 ex
1545 463 1626 486 raro
1650 463 1797 486 accessu

232 515 274 550 ad
302 526 404 549 sacra
431 524 473 548 ea
500 512 617 558 magis
645 518 922 545 venerarentur:
945 520 1028 543 cum
1051 508 1148 542 enim
1170 518 1299 542 omnes
1320 506 1531 552 hujusmodi
1550 505 1799 540 immunditias

231 580 312 603 raro
335 567 462 613 aliquis
485 577 613 601 cavere
636 565 759 610 possit,
781 563 1015 609 contingebat
1032 561 1128 608 quod
1147 572 1229 595 raro
1246 568 1415 607 poterant
1433 559 1604 594 homines
1626 558 1798 593 accedere

232 622 275 656 ad
303 620 553 667 attingendum
580 630 633 660 ea,
656 629 748 664 quae
769 617 996 664 pertinebant
1017 615 1060 649 ad
1083 615 1246 649 divinum
1268 613 1424 656 cultum;
1446 621 1480 648 et
1505 614 1555 647 sic
1577 612 1723 659 quando
1746 624 1801 647 ac—

232 676 416 718 cedebant,
436 685 519 709 cum
538 672 668 718 majori
686 670 897 712 reverentia,
917 678 951 704 et
967 668 1171 704 humilitate
1187 668 1318 702 mentis
1337 666 1577 701 accedebant:
1598 674 1674 701 erat
1691 666 1800 700 etiarn

231 731 268 765 in
289 728 505 776 quibusdam
526 728 659 761 horum
681 725 772 760 ratio
794 723 954 766 literalis,
977 731 1014 757 ut
1035 722 1204 757 homines
1229 733 1304 755 non
1330 720 1606 755 reformidarent
1627 719 1800 754 accedere

233 783 276 818 ad
304 782 465 817 divinum
493 780 643 821 cultum,
670 779 771 825 quasi
797 777 1016 824 refugientes
1044 775 1269 811 consortium
1296 774 1537 820 leprosorum,
1567 781 1602 808 et
1626 772 1800 807 similium

233 837 472 877 infirmorum,
495 845 651 881 quorum
670 833 818 867 morbus
837 830 1089 866 abominabilis
1109 837 1195 872 erat,
1210 836 1244 863 et
1262 827 1512 874 contagiosus:
1531 827 1567 860 in
1586 826 1800 873 quibusdam

233 891 342 926 etiam
356 889 447 924 ratio
464 896 538 923 erat
553 888 597 922 ad
611 886 799 921 vitandum
817 884 1046 919 idololatriae
1061 883 1199 918 cultum
1215 895 1222 925 ;
1245 881 1328 928 quia
1344 880 1507 916 Gentiles
1521 880 1558 915 in
1570 880 1639 915 ritu
1651 891 1801 915 suorum

232 943 493 980 sacrificiorum
520 941 711 976 utebantur
737 939 954 986 quandoque
976 946 1011 973 et
1031 938 1194 972 humano
1220 935 1408 982 sanguine,
1430 942 1465 969 et
1484 934 1646 969 semine:
1673 944 1802 968 omnes

233 1007 354 1033 autem
376 995 587 1042 hujusmodi
605 993 857 1029 immunditiae
876 991 1084 1039 corporales
1102 990 1382 1038 purificabantur
1398 988 1457 1023 vel
1471 999 1534 1035 per
1547 987 1666 1023 solam
1687 998 1802 1034 asper-

232 1053 374 1087 sionem
398 1061 524 1097 aquae,
545 1048 604 1083 vel
626 1059 717 1095 quae
732 1048 889 1093 majores
909 1053 1020 1088 erant,
1034 1056 1097 1092 per
1115 1043 1262 1091 aliquod
1281 1042 1498 1078 sacrificium
1518 1041 1562 1077 ad
1584 1041 1801 1088 expiandum

232 1113 436 1153 peccatum,
459 1115 500 1138 ex
523 1114 595 1149 quo
616 1101 706 1137 tales
728 1100 955 1135 infirmitates
978 1098 1247 1145 contingebant.
1736 1136 1740 1143 Ἴ

302 1159 410 1194 Ratio
437 1165 559 1192 autem
589 1155 750 1202 figuralis
783 1155 914 1188 harum
950 1152 1264 1187 immunditiarum
1289 1149 1366 1193 fuit,
1393 1150 1478 1197 quia
1502 1161 1565 1196 per
1589 1148 1803 1195 hujusmodi

232 1213 426 1249 exteriores
443 1209 692 1245 immunditias
711 1208 958 1255 figurabantur
979 1206 1120 1241 diversa
1147 1213 1315 1252 peccata:
1342 1215 1430 1238 nam
1450 1202 1681 1238 immunditia
1703 1201 1805 1236 cada-

231 1267 325 1302 veris
347 1267 608 1312 cujuscumque
632 1262 812 1309 significat
840 1260 1111 1296 immunditiam
1133 1260 1286 1306 peccati,
1308 1257 1406 1305 quod
1432 1265 1486 1292 est
1511 1268 1612 1292 mors
1639 1256 1802 1290 animae:

232 1319 462 1356 immunditia
484 1312 750 1363 autem'leprae
772 1315 952 1362 significat
972 1313 1244 1348 immunditiam
1265 1312 1470 1347 haereticae
1492 1310 1698 1346 doctrinae:
1725 1317 1803 1344 tum

233 1374 317 1421 quia
337 1372 521 1407 haeretica
542 1371 705 1405 doctrina
728 1369 942 1414 contagiosa
964 1376 1029 1409 est,
1051 1367 1144 1402 sicut
1165 1374 1200 1401 et
1221 1365 1336 1412 lepra:
1359 1373 1438 1400 tum
1464 1364 1548 1412 quia
1573 1363 1672 1398 nulla
1694 1363 1804 1398 etiam

234 1427 323 1462 falsa
344 1426 509 1461 doctrina
531 1433 594 1468 est,
617 1435 708 1471 quae
730 1435 816 1458 vera
837 1422 936 1457 falsis
963 1433 1038 1456 non
1061 1420 1279 1455 admisceat:
1302 1419 1394 1454 sicut
1416 1418 1525 1454 etiam
1551 1418 1588 1452 in
1614 1416 1803 1464 superficie

234 1481 397 1528 corporis
423 1479 557 1526 leprosi
579 1486 728 1525 apparet
745 1476 926 1523 quaedam
949 1474 1131 1510 distinctio
1154 1472 1396 1520 quarumdam
1418 1471 1647 1506 macularum
1669 1471 1711 1505 ab
1735 1470 1805 1504 alia

235 1547 343 1570 carne
374 1535 533 1580 integra:
563 1544 626 1579 per
651 1530 922 1566 immunditiam
958 1537 1078 1564 autem
1109 1527 1270 1562 mulieris
1305 1525 1567 1572 sanguinifluae
1597 1525 1805 1571 designatur

234 1588 465 1624 immunditia
490 1585 731 1627 idololatriae,
753 1592 901 1631 propter
929 1582 1204 1618 immolatitium
1227 1592 1413 1615 cruorem:
1447 1591 1510 1626 per
1535 1578 1806 1614 immunditiam

234 1654 321 1678 vero
342 1642 410 1676 viri
430 1640 625 1676 seminiflui
639 1639 847 1685 designatur
867 1636 1098 1672 immunditia
1119 1647 1235 1670 vanae
1259 1634 1474 1676 locutionis3
1498 1645 1542 1668 eo
1565 1633 1662 1680 quod
1680 1644 1806 1668 semen

235 1705 289 1732 est
313 1696 465 1731 verbum
491 1694 578 1729 Dei:
606 1705 669 1740 per
702 1692 974 1727 immunditiam
999 1702 1086 1725 vero
1115 1690 1242 1732 coitus,
1266 1697 1300 1724 et
1326 1687 1488 1723 mulieris
1520 1687 1692 1735 parientis
1718 1687 1808 1722 desi·

235 1759 365 1797 gnatur
385 1747 615 1783 immunditia
637 1746 777 1793 peccati
799 1744 1005 1792 originalis:
1029 1756 1092 1791 per
1113 1742 1386 1778 immunditiam
1406 1753 1494 1776 vero
1516 1741 1678 1776 mulieris
1707 1753 1808 1776 men-

234 1812 392 1840 struatae
409 1803 618 1849 designatur
632 1800 864 1835 immunditia
886 1799 1016 1834 mentis
1035 1810 1098 1845 per
1114 1797 1316 1843 voluptates
1332 1795 1530 1831 emollitae.
1546 1794 1808 1830 Universaliter

234 1870 320 1893 vero
343 1868 406 1904 per
427 1855 698 1891 immunditiam
726 1861 913 1888 contactus
936 1853 987 1888 rei
1008 1851 1219 1887 immundae
1241 1850 1451 1897 designatur
1471 1849 1704 1884 immunditia
1726 1859 1810 1883 con-

234 1923 359 1948 sensus
386 1911 422 1945 in
456 1917 647 1957 peccatum
682 1907 840 1949 alterius,
868 1906 1068 1941 secundum
1103 1905 1191 1940 illud
1215 1915 1246 1939 2.
1270 1905 1314 1939 ad
1337 1904 1424 1939 Cor.
1447 1902 1498 1939 6.:
1524 1904 1622 1938 Exite
1642 1902 1679 1938 de
1700 1902 1808 1937 medio

233 1978 360 2008 eorum,
384 1970 412 2000 ct
432 1964 651 2012 separamini,
667 1968 697 1998 et
710 1961 919 1997 inmundum
942 1973 980 1996 ne
1003 1961 1191 2006 tetigeritis:
1214 1958 1425 2004 hujusmodi
1443 1965 1565 1992 autem
1578 1956 1810 1991 immunditia

236 2028 424 2056 contactus
451 2018 681 2053 derivabatur
703 2017 813 2051 etiam
836 2016 879 2050 ad
902 2026 958 2049 res
984 2014 1219 2048 inanimatas:
1243 2012 1416 2059 quidquid
1451 2011 1548 2046 enim
1576 2022 1808 2057 quocumque

236 2074 348 2109 modo
370 2073 541 2119 tangebat
562 2070 784 2112 immundus,
806 2069 1036 2103 immundum
1059 2075 1153 2102 erat:
1175 2067 1211 2101 in
1234 2077 1306 2113 quo
1333 2065 1390 2100 lex
1419 2064 1617 2100 attenuavit
1645 2064 1811 2111 supersti-

235 2129 375 2163 tionem
399 2126 613 2168 Gentilium,
636 2125 697 2171 qui
718 2135 792 2158 non
814 2122 935 2158 solum
957 2134 1019 2169 per
1042 2129 1252 2156 contactum
1273 2119 1453 2154 immundi
1471 2118 1639 2153 dicebant
1655 2118 1810 2152 immun-

238 2182 362 2217 ditiam
397 2179 575 2221 contrahi,
606 2178 668 2213 sed
700 2178 809 2212 etiam
831 2188 893 2224 per
916 2176 1216 2217 collocutionem,
1239 2182 1300 2209 aut
1320 2185 1385 2220 per
1414 2180 1613 2220 aspectum,
1635 2179 1674 2207 ut
1694 2171 1811 2206 Rabbi

237 2236 384 2283 Moyses
411 2234 497 2269 dicit
519 2233 568 2278 (in
591 2233 645 2267 lib.
666 2245 694 2278 3.
718 2233 800 2266 Dux
822 2232 1022 2273 ermmtinm,
1047 2236 1118 2276 cap.
1140 2230 1197 2274 48.
1217 2233 1290 2263 ante
1316 2227 1430 2273 mad),
1454 2226 1497 2261 de
1528 2225 1680 2260 muliere
1713 2236 1812 2260 men-

238 2297 390 2325 struata:
406 2299 468 2335 per
481 2288 553 2322 hoc
569 2294 690 2321 autem
706 2286 858 2332 mystice
873 2284 1142 2331 significabatur
1157 2283 1203 2325 id,
1217 2282 1314 2329 quod
1330 2281 1460 2315 dicitur
1475 2280 1559 2327 Sap.
1575 2289 1638 2323 14:
1649 2279 1810 2315 Similiter

239 2344 312 2379 odio
334 2348 408 2378 sunt
429 2343 501 2377 Deo
524 2342 656 2387 impius,
679 2345 706 2374 et
726 2341 874 2386 impietus
889 2341 967 2384 ejus.
992 2338 1077 2372 Erat
1095 2345 1215 2372 autem
1235 2344 1270 2371 et
1283 2334 1513 2370 immunditia
1528 2334 1707 2380 quaedam
1721 2333 1811 2380 ipsa-

239 2409 319 2432 rum
335 2408 454 2431 rerum
469 2395 749 2430 inanimatarum
765 2393 965 2427 secundum
981 2403 1035 2434 se3
1058 2392 1150 2426 sicut
1166 2398 1242 2425 erat
1255 2389 1486 2424 immunditia
1500 2387 1619 2435 leprae
1633 2387 1670 2422 in
1684 2387 1810 2431 domo,

239 2460 273 2486 et
294 2451 330 2485 in
352 2448 591 2485 vestimentis:
616 2448 708 2482 sicut
729 2447 827 2481 enim
850 2446 998 2481 morbus
1020 2445 1142 2492 leprae
1164 2444 1295 2478 accidit
1313 2443 1348 2477 in
1366 2442 1577 2477 hominibus
1595 2452 1638 2476 ex
1655 2441 1811 2476 humore

240 2513 411 2551 corrupto
434 2502 692 2550 putrefaciente
721 2512 880 2541 carnem,
903 2508 938 2534 et
960 2506 1236 2545 corrumpente,
1259 2498 1306 2532 ita
1337 2497 1447 2531 etiarn
1478 2504 1624 2543 propter
1651 2494 1811 2541 aliquam

239 2558 522 2604 corruptionem,
546 2564 580 2591 et
602 2566 788 2590 excessum
818 2553 1055 2595 humiditatis,
1083 2552 1141 2586 vel
1169 2551 1352 2592 siccitatis,
1380 2549 1419 2584 fit
1446 2549 1664 2597 quandoque
1692 2548 1811 2595 aliqua
1861 2544 1864 2548 ’

240 2612 424 2658 corruptio
448 2611 482 2644 in
505 2610 682 2656 lapidibus
705 2609 847 2649 domus,
869 2607 926 2641 vel
949 2607 1057 2641 etiam
1080 2606 1114 2640 in
1134 2605 1378 2646 vestimenti33
1404 2611 1439 2638 et
1464 2603 1547 2638 ideo
1572 2602 1666 2637 hanc
1693 2613 1812 2636 corru-

239 2667 400 2713 ptionem
423 2665 578 2698 vocabat
600 2663 654 2697 lex
677 2662 827 2708 lepram,
844 2673 884 2695 ex
902 2672 970 2706 qua
987 2660 1130 2702 domus,
1152 2658 1210 2693 vel
1232 2659 1341 2693 vestis
1364 2657 1552 2691 immunda
1574 2656 1810 2703 judicaretur:

238 2729 316 2754 tum
332 2720 414 2767 quia
430 2719 549 2752 omnis
565 2716 749 2763 corruptio
769 2716 812 2749 ad
828 2715 1097 2748 immunditiam
1113 2713 1325 2760 pertinebat,
1342 2720 1380 2746 ut
1395 2712 1533 2746 dictum
1547 2719 1601 2745 est
1620 2709 1688 2755 (hic
1700 2711 1810 2756 sup.)‚·

238 2782 316 2808 tum
340 2773 448 2807 etiam
471 2772 554 2818 quia
578 2771 672 2805 circa
696 2769 757 2815 [al.
780 2769 911 2813 contra]
932 2767 1142 2813 hujusmodi
1171 2766 1443 2813 corruptionem
1466 2764 1527 2810 [al.
1554 2763 1810 2811 conceptionem]

241 2827 405 2862 Gentiles
428 2826 515 2860 deos
538 2832 686 2871 penates
709 2822 892 2864 colebant;
915 2830 949 2856 et
971 2821 1053 2855 ideo
1077 2820 1132 2855 lex
1155 2819 1338 2866 praecepit
1365 2817 1577 2865 hujusmodi
1606 2817 1748 2859 domus,
1774 2816 1810 2851 in

239 2881 367 2927 quibus
389 2879 495 2914 suerit
507 2878 586 2913 talis
602 2877 787 2924 corruptio
810 2886 1056 2923 perseverans,
1078 2874 1225 2916 destrui,
1240 2882 1274 2908 et
1295 2881 1413 2908 vestes
1427 2871 1604 2915 comburi,
1623 2871 1667 2906 ad
1684 2870 1812 2906 tollen·

242 2935 323 2968 dam
348 2932 574 2968 idololatriae
590 2931 835 2967 occasionem.
854 2929 936 2964 Erat
949 2928 1056 2963 etiam
1074 2937 1107 2963 et
1123 2927 1301 2974 quaedam
1320 2925 1550 2962 immunditia
1567 2935 1751 2967 vasorum,
1767 2924 1810 2958 de

1873 2301 1875 2350 Ι
