1875 3198
187 170 271 212 688
611 182 833 218 QUAESTIO
868 182 985 212 XCVI.
1018 182 1264 211 ARTICULUS
1297 183 1338 211 v.

185 264 268 309 justi
290 275 365 298 non
387 263 588 298 subduntur
614 263 698 308 legi,
725 263 787 297 sed
812 262 881 297 soli
908 262 1007 305 mali,
1035 262 1131 308 quod
1160 263 1257 296 enirn
1284 270 1338 296 est
1364 270 1546 304 coactum,
1569 271 1604 297 et
1623 262 1760 297 violen-

185 324 276 359 tum,
307 325 360 351 est
390 317 613 352 contrarium
635 317 832 351 voluntati:
861 316 1029 350 voluntas
1061 324 1180 350 autem
1211 317 1395 350 bonorum
1423 324 1602 350 consonat
1627 315 1712 362 legi,
1739 327 1759 350 a

185 382 257 416 qua
279 370 462 404 malorum
484 370 653 404 voluntas
681 369 881 403 discordat:
906 377 940 403 et
960 370 1045 403 ideo
1068 369 1269 403 secundum
1288 369 1360 403 hoc
1387 369 1474 403 boni
1494 380 1569 403 non
1591 377 1674 404 sunt
1694 369 1758 404 sub

186 423 280 470 lege,
303 424 364 458 sed
387 424 509 458 solum
532 423 630 457 mali.

259 479 318 512 AD
341 489 491 513 PRIMUM
511 488 598 523 ergo
619 476 826 518 dicendum,
849 476 946 522 quod
968 476 1060 510 ratio
1082 475 1144 509 illa
1166 475 1330 522 procedit
1348 476 1391 509 de
1408 476 1647 521 subjectione,
1669 487 1760 522 quae

186 539 240 566 est
258 543 321 577 per
344 531 497 565 modum
517 530 736 564 coactionis:
761 530 810 564 sic
832 530 929 564 enim
945 531 1041 575 justis
1062 541 1128 563 non
1146 534 1190 564 est
1208 529 1259 563 lex
1276 531 1399 576 posita;
1417 529 1500 575 quia
1522 531 1586 576 ipsi
1605 531 1668 564 sibi
1687 534 1762 564 sunt

186 585 249 627 Iex,
273 586 350 619 ditm
374 585 543 619 ostundzmt
564 590 644 631 opus
666 585 742 629 legis
755 585 914 630 scriptum
938 585 971 617 in
994 583 1146 617 cordibus
1166 584 1242 625 sicis,
1265 583 1359 617 sicut
1380 583 1508 629 Apost.
1533 583 1576 617 ad
1597 583 1705 617 Rom.
1729 593 1760 617 2.

187 639 290 681 dicit;
313 640 408 673 unde
431 639 467 672 in
491 649 553 672 eos
576 649 649 672 non
672 638 781 672 habet
801 637 859 672 lex
881 638 957 671 vim
980 638 1198 678 coactivam,
1220 637 1313 671 sicut
1334 637 1444 671 habet
1464 637 1500 671 in
1521 637 1685 683 injustos.

259 693 319 726 AD
342 702 551 726 SECUNDUM
564 691 770 733 dicendum,
795 691 892 737 quod
912 690 970 724 lex
989 690 1142 737 Spiritus
1158 690 1283 724 Sancti
1305 698 1358 725 est
1371 691 1536 736 superior
1558 691 1661 725 omni
1681 690 1762 737 lege

185 745 396 779 humanitus
424 745 557 791 posita:
581 753 616 779 et
636 745 719 779 ideo
742 745 809 778 viri
831 744 1036 790 spirituales
1059 744 1260 778 secundum
1281 744 1354 778 hoc
1381 743 1478 790 quod
1500 743 1581 790 lege
1610 744 1763 791 Spiritus

188 799 313 833 Sancti
335 799 526 840 ducuntur,
541 810 615 834 non
630 798 830 832 subduntur
845 798 918 844 legi
933 807 1109 844 quantum
1132 798 1175 831 ad
1198 809 1252 840 ea,
1271 809 1363 844 quae
1385 806 1587 844 repugnant
1602 798 1765 832 ductioni

188 852 341 898 Spiritus
363 852 502 886 Sancti:
526 852 588 886 sed
611 860 734 886 tamen
756 852 828 886 hoc
851 852 970 897 ipsum
990 858 1043 885 est
1064 851 1107 885 de
1130 851 1239 885 ductu
1259 851 1411 898 Spiritus
1431 851 1567 894 Sancti,
1583 852 1680 898 quod
1701 852 1766 886 ho-

187 906 304 939 mines
327 905 529 952 spirituales
545 905 686 951 legibus
707 905 878 939 humanis
893 905 1102 946 subdantur,
1125 905 1327 939 secundum
1349 904 1437 939 illud
1463 916 1492 939 1.
1510 905 1587 939 Pet.
1611 915 1662 940 2.:
1684 905 1766 940 Sub-

181 961 264 1006 jecti
284 964 378 994 estote:
400 961 491 993 omni
517 960 682 993 lmmamw
709 964 882 994 creaturae
905 964 1045 1005 propter
1070 959 1193 993 Deum.

259 1013 319 1046 AD
335 1023 508 1047 TERTmM
524 1012 730 1055 dicendum,
754 1012 851 1058 quod
868 1012 1034 1058 princeps
1050 1012 1180 1046 dicitur
1194 1023 1271 1046 esse
1291 1011 1430 1046 solutus
1453 1024 1472 1046 a
1493 1012 1574 1058 lege
1589 1020 1763 1058 quantum

189 1067 233 1100 ad
251 1067 326 1099 vim
350 1067 556 1100 coactivam
570 1066 680 1112 legis:
703 1066 824 1100 nullus
842 1066 939 1100 enim
961 1066 1105 1112 proprie
1120 1066 1263 1112 cogitur
1277 1077 1297 1100 a
1313 1066 1452 1112 seipso:
1474 1065 1532 1100 lex
1554 1074 1676 1101 autern
1690 1077 1765 1100 non

187 1120 298 1154 habet
319 1120 391 1153 vim
417 1121 635 1162 coactivam,
657 1120 726 1154 nisi
749 1131 791 1154 ex
813 1120 984 1166 principis
1012 1127 1213 1165 potestate;
1236 1120 1286 1154 sic
1309 1120 1418 1165 igitur
1443 1120 1610 1167 princeps
1637 1120 1767 1154 dicitur

187 1185 266 1208 esse
296 1173 436 1207 solutus
460 1185 478 1207 a
501 1173 593 1219 lege,
623 1175 707 1220 quia
734 1173 854 1207 nullus
882 1174 918 1207 in
945 1173 1064 1219 ipsum
1096 1181 1216 1220 potest
1240 1173 1417 1219 judicium
1448 1173 1766 1208 condemnationis

187 1227 291 1269 ferre,
314 1228 343 1260 si
366 1235 494 1261 contra
518 1227 639 1273 legem
662 1235 764 1273 agat;
786 1227 882 1260 unde
904 1238 1011 1273 super
1032 1227 1120 1261 illud
1143 1227 1238 1261 Psal.
1265 1238 1334 1272 5o.:
1363 1228 1441 1262 Tibi
1458 1228 1682 1274 solipeccavz}
1698 1235 1766 1262 etc.

187 1281 275 1315 dicit
298 1280 419 1315 Gloss.
443 1281 532 1326 (ord.
559 1281 734 1326 Cassiod),
761 1281 857 1326 quod
881 1293 938 1315 rex
961 1293 1027 1327 iiim
1049 1281 1143 1323 habet
1169 1281 1347 1323 hominem,
1372 1282 1430 1327 qni
1455 1293 1515 1316 sua
1529 1282 1628 1327 facta
1648 1281 1770 1327 dijudi-

188 1340 256 1370 cet:
279 1334 341 1368 sed
365 1343 543 1381 quantum
565 1335 609 1368 ad
631 1335 706 1368 vim
729 1334 943 1368 directivam
966 1332 1056 1379 legis
1078 1334 1246 1380 princeps
1269 1334 1430 1369 subditur
1450 1334 1525 1380 legi
1545 1334 1690 1381 propria
1707 1345 1770 1369 vo-

188 1387 346 1422 luntate:
367 1388 569 1422 secundum
592 1388 689 1434 quod
717 1388 846 1422 dicitur
873 1396 971 1422 extra
994 1388 1037 1421 de
1061 1388 1391 1431 constitutionibus,
1415 1400 1492 1435 cap,
1522 1389 1608 1423 Cum
1634 1400 1766 1423 omnes:

191 1442 291 1486 Quod
313 1444 446 1488 quisque
463 1443 552 1487 juris
567 1443 600 1476 in
616 1443 758 1476 alterum
779 1443 907 1483 statuit,
928 1443 993 1488 ipsc
1008 1441 1117 1476 eodem
1135 1443 1210 1487 juri
1228 1443 1277 1476 uti
1294 1441 1394 1477 debet.
1413 1442 1458 1476 Et
1480 1442 1659 1488 Sapientis
1682 1441 1768 1476 dicit

190 1496 387 1529 auctoritas
411 1495 509 1540 (Cat.
532 1496 568 1529 in
590 1496 822 1539 rudiment.):
851 1495 968 1530 Piltt'l'd
995 1496 1105 1541 trgum,
1134 1508 1234 1541 quam
1265 1497 1328 1542 ipse
1356 1496 1482 1537 tulerim
1507 1503 1541 1530 et
1566 1496 1603 1529 in
1626 1495 1767 1530 Codice

190 1548 264 1592 (tila.
286 1560 319 1593 4.
343 1549 379 1583 de
398 1550 510 1593 Legit.
529 1555 560 1584 et
583 1549 778 1594 Constitut.)
799 1548 1046 1592 Theodosius,
1070 1557 1105 1583 et
1125 1549 1402 1584 Valentinianus
1424 1549 1540 1596 Impp.
1562 1549 1767 1584 Volusiano

189 1603 380 1637 Praefecto
403 1604 581 1638 scribunt:
604 1604 721 1648 Digna
742 1615 810 1637 vox
832 1608 875 1637 est
892 1605 1063 1649 majestate
1085 1604 1274 1649 Regnanlis,
1297 1603 1419 1649 legibus
1438 1603 1611 1649 alligatum
1629 1615 1659 1638 se
1677 1604 1770 1649 prin-

189 1659 293 1704 cipem
315 1658 480 1704 profiteri,
504 1657 582 1692 adeo
596 1657 632 1691 cle
647 1658 845 1692 auctoritate
863 1659 952 1702 juris
974 1662 1087 1691 nostra
1104 1657 1224 1702 pendet
1244 1658 1442 1692 auctoritas:
1464 1662 1495 1692 et
1515 1668 1633 1691 revera
1660 1658 1770 1702 majus

189 1712 328 1757 imperio
344 1716 388 1745 ast
400 1712 559 1756 subjicere
581 1711 703 1756 legibus
720 1712 963 1757 principatum.
982 1711 1256 1756 improperatur
1276 1711 1385 1745 etiam
1399 1710 1456 1745 his
1479 1722 1499 1744 a
1519 1710 1696 1752 Domino,
1712 1710 1770 1756 qui

189 1765 314 1807 dicunt,
337 1770 365 1798 ct
387 1777 452 1798 non
467 1765 615 1810 faciunt>
642 1772 676 1798 et
698 1765 759 1810 qui
781 1765 855 1798 aliis
882 1776 985 1798 onera
1005 1766 1128 1810 gravia
1155 1765 1351 1811 imponunt,
1368 1769 1396 1799 et
1417 1765 1481 1812 ipsi
1506 1776 1563 1799 nec
1584 1763 1685 1810 digito
1711 1775 1769 1798 vo-

188 1819 262 1853 lunt
287 1830 324 1852 aa
350 1830 493 1860 movere,
523 1826 561 1852 ut
587 1818 717 1852 dicitur
738 1818 866 1852 Matth.
891 1828 967 1864 23.;
989 1818 1083 1852 unde
1106 1826 1283 1864 quantum
1311 1819 1354 1852 ad
1381 1818 1452 1853 Dei
1476 1817 1652 1864 judicium
1674 1818 1769 1864 prin-

190 1883 274 1918 ceps
301 1884 377 1906 non
408 1880 461 1906 est
490 1871 630 1906 solutus
661 1883 680 1905 a
711 1871 793 1917 lege
827 1879 1003 1918 quantum
1034 1871 1078 1906 ad
1108 1868 1184 1906 xiim
1211 1872 1424 1906 directivam
1451 1873 1546 1917 ejus3
1573 1871 1636 1906 sed
1663 1871 1769 1905 debet

189 1926 428 1968 voluntarius,
455 1937 529 1960 non
558 1933 719 1967 coactus,
751 1925 871 1971 legem
902 1925 1065 1971 implere.
1089 1925 1152 1959 Est
1178 1925 1288 1960 etiam
1311 1926 1478 1972 princeps
1501 1936 1607 1972 supra
1635 1923 1769 1971 legem,

189 1980 418 2026 inquantum,
441 1980 471 2014 si
493 1980 685 2026 expediens
707 1978 825 2021 fuerit,
844 1987 963 2025 potest
985 1979 1105 2025 legem
1128 1988 1280 2021 mutare,
1303 1987 1338 2013 et
1358 1979 1394 2013 in
1417 1990 1459 2013 ea
1481 1979 1688 2025 dispensare
1703 1989 1768 2025 pro

190 2033 287 2075 loco,
311 2042 344 2068 et
366 2042 543 2079 tempore.

752 2163 1100 2209 ARTICULUS
1129 2164 1207 2206 vi.
1704 2184 1766 2219 513

192 2269 346 2299 UTRUM
368 2269 425 2308 EI,
448 2269 525 2304 QUI
543 2269 764 2299 SUBDITUR
782 2268 899 2308 LEGI,
921 2268 1080 2297 LICEAT
1100 2267 1297 2298 PRAETER
1310 2267 1449 2298 VERBA
1469 2267 1594 2297 LEGIS
1612 2266 1767 2296 AGERE.

431 2363 536 2409 (Infr.
559 2374 589 2408 (J.
613 2374 666 2409 97.
691 2367 754 2397 art.
775 2375 802 2408 3.
826 2362 868 2397 ad
890 2375 916 2397 Ι.
939 2368 967 2397 et
985 2375 1054 2397 2-2.
1074 2374 1103 2408 q.
1128 2362 1184 2397 60.
1208 2367 1273 2397 art.
1291 2374 1320 2408 5.
1343 2362 1386 2396 ad
1406 2374 1437 2398 2.
1457 2367 1484 2397 ct
1502 2375 1530 2409 3.

228 2421 256 2451 et
277 2428 306 2462 q.
330 2428 404 2463 147.
427 2421 490 2451 art.
510 2427 543 2461 4.
567 2422 656 2463 corp.
679 2421 706 2451 ct
724 2428 752 2463 3.
775 2417 865 2451 Dist.
883 2428 926 2462 33.
950 2428 978 2462 q.
999 2428 1026 2462 3.
1050 2421 1115 2451 art.
1135 2427 1167 2460 4.
1191 2421 1221 2451 et
1239 2416 1330 2451 Dist.
1349 2427 1398 2463 37.
1419 2421 1484 2451 art.
1506 2427 1539 2461 4.
1563 2421 1655 2462 corp.
1669 2415 1733 2462 fin.

723 2475 753 2505 ut
770 2482 803 2514 4.
827 2470 914 2504 Dist.
935 2482 978 2515 15.
999 2482 1028 2516 ‹J-
1048 2482 1076 2516 3.
1099 2475 1164 2504 art.
1183 2471 1244 2515 2.).

223 2603 225 2605 ¹
264 2565 324 2599 AD
345 2575 498 2599 SEXTUM
521 2565 571 2599 sic
595 2564 812 2610 proceditur.
836 2564 1000 2606 Videtur,
1024 2565 1121 2611 quod
1137 2576 1210 2598 non
1233 2563 1341 2599 liceat
1356 2564 1400 2607 ei,
1423 2564 1484 2610 qui
1506 2563 1668 2598 subditur
1686 2562 1769 2609 legi,

192 2627 335 2665 praeter
349 2619 458 2653 verba
474 2618 564 2665 legis
580 2630 703 2664 agere:
721 2618 807 2652 dicit
822 2618 921 2652 enim
936 2619 1091 2663 August.
1107 2619 1143 2652 in
1158 2618 1217 2652 lib.
1235 2618 1278 2652 de
1293 2617 1390 2652 Vera
1412 2617 1606 2664 Religione
1620 2617 1710 2664 (cap.
1721 2627 1768 2664 31.

192 2684 213 2707 ιι
231 2673 356 2718 med.):
380 2674 419 2707 In
443 2673 679 2719 temporalibus
700 2672 821 2717 legibus
843 2673 996 2717 quam-vis
1023 2672 1168 2706 immines
1185 2671 1336 2718 judicant
1361 2671 1397 2706 de
1424 2672 1482 2714 his,
1511 2683 1585 2706 cum
1606 2683 1658 2706 eas
1677 2671 1770 2706 insti-

193 2732 301 2769 tuum,
326 2732 435 2761 [mnan
451 2726 582 2772 quando
604 2731 678 2761 sunt
700 2727 880 2765 institutae,
908 2730 938 2760 et
962 2726 1126 2767 sirnmtizc,
1151 2738 1215 2760 non
1243 2726 1352 2760 licebit
1377 2725 1413 2760 da
1433 2726 1510 2772 ipsis
1525 2724 1692 2771 judicare,
1719 2723 1770 2759 scd

191 2780 367 2815 secundum
392 2782 496 2827 ipsas:
520 2780 581 2814 sed
605 2780 633 2814 si
656 2779 785 2825 aliquis
802 2779 1065 2825 praetermittat
1085 2779 1193 2813 verba
1209 2779 1312 2825 legis,
1327 2779 1450 2813 dicens
1469 2790 1506 2813 se
1527 2778 1769 2812 intentionem

192 2833 411 2879 legislatoris
432 2845 588 2875 servare,
611 2833 753 2867 videtur
773 2832 934 2878 judicare
953 2833 996 2866 dc
1018 2832 1120 2877 lege3
1144 2843 1230 2879 ergo
1253 2843 1328 2867 non
1349 2832 1434 2866 licet
1456 2832 1500 2874 ei,
1527 2831 1588 2878 qui
1609 2831 1770 2866 subditur

193 2886 277 2932 legi,
301 2895 338 2921 ut
360 2887 622 2934 praetermittat
643 2886 753 2921 verba
775 2885 878 2932 legis,
902 2893 939 2920 ut
960 2886 1201 2920 intentionem
1224 2885 1442 2932 legislatoris
1465 2893 1593 2920 servet.
