1907 3198
526 151 749 189 QUAESTIO
783 151 873 183 cm.
907 151 1153 183 ARTICULUS
1186 151 1242 181 IV.
1573 138 1653 194 781

98 239 172 282 cap.
195 233 250 270 16.
271 244 291 269 a
316 233 438 279 med.).·
459 234 537 278 Jam
559 245 624 269 non
641 235 855 282 promittitur
881 235 1079 277 nasciturus,
1103 240 1273 281 passurus,
1300 238 1554 274 resurrecturus,
1576 231 1662 279 quod

98 287 158 323 illa
173 292 383 323 sacramenta
404 287 644 334 quodammodo
662 289 906 335 personabant;
928 287 981 323 scd
1000 288 1238 330 annuntiatur,
1256 285 1342 333 quod
1363 291 1458 321 natus
1478 287 1530 328 sit,
1548 293 1663 332 passus

97 342 153 386 sit,
171 342 400 382 resurrexerit,
418 341 505 387 quod
518 341 594 377 haec
607 346 827 384 sacramenta,
850 353 932 388 quac
949 353 970 376 a
994 341 1192 377 Christianis
1209 344 1368 385 aguntur,
1379 342 1452 386 jam
1468 344 1661 386 personant.

169 394 231 430 An
245 403 393 430 Palmum
408 405 495 440 ergo
517 394 724 437 dicendum,
746 395 842 442 quod
862 395 957 430 circa
979 395 1049 429 hoc
1068 393 1312 429 diversimode
1330 393 1484 428 sensisse
1499 392 1664 427 videntur

100 447 358 495 Hieronymus,
380 455 415 482 et
435 448 679 494 Augustinus:
704 448 949 495 Hieronymus
971 448 1068 483 enim
1091 447 1199 495 (epist.
1223 458 1268 494 75.
1288 448 1382 482 inter.
1405 453 1455 493 op.
1476 446 1614 491 August.
1636 451 1664 480 ct

98 506 168 549 sup.
182 500 264 536 illud
278 500 391 537 Galat.
405 511 452 537 2..·
464 501 525 536 Sed
538 513 612 537 cum
631 501 798 548 vidissem)
819 502 977 537 distinxit
995 502 1067 536 duo
1085 509 1269 548 tempora:
1290 511 1403 535 unum
1418 508 1560 546 tempus
1582 506 1664 534 ante

100 553 308 602 passionem
329 553 479 597 Christi,
500 555 536 589 in
558 566 630 602 quo
649 554 781 602 legalia
798 566 873 590 non
897 563 999 591 erant
1019 560 1164 598 mortua,
1184 554 1286 601 quasi
1305 565 1379 589 non
1398 553 1567 588 habentia
1589 552 1662 586 vim

101 607 369 655 obligatoriam,
396 616 456 643 aut
477 608 696 655 expiativam
719 620 785 656 pro
807 620 874 644 suo
897 608 1027 651 mod0;
1049 619 1116 643 nec
1143 608 1253 644 etiam
1276 607 1463 654 mortifera,
1486 606 1570 653 quia
1591 617 1664 640 non

101 661 301 709 peccabant
320 672 363 696 ea
384 661 634 697 observantes:
662 662 784 698 statim
812 670 933 698 autem
960 670 1041 709 post
1066 662 1274 709 passionem
1297 661 1434 696 Christi
1455 661 1665 707 inceperunt

100 725 180 752 esse
199 725 275 750 non
295 714 417 750 solum
443 721 589 758 mortua,
616 716 708 751 idest
731 727 806 751 non
833 715 1002 751 habentia
1027 716 1209 758 virtutem,
1235 723 1271 750 et
1296 714 1570 761 obligationem,
1603 712 1664 747 scd

102 768 212 804 etiam
232 768 420 816 mortifera,
447 769 494 804 ita
515 768 654 804 scilicet
675 769 772 816 quod
794 769 992 817 peccabant
1013 768 1226 811 mortaliter,
1248 768 1467 815 quicumque
1489 778 1531 802 ea
1549 766 1667 802 obser-

101 821 254 865 vabant;
275 821 369 857 unde
391 821 545 865 dicebat,
571 823 668 870 quod
694 823 863 870 Apostoli
890 834 1091 870 numquam
1118 822 1250 868 legalia
1277 822 1559 857 observaverunt
1585 827 1665 868 post

101 874 310 923 passionem
330 875 530 910 secundum
552 876 754 919 veritatem,
775 876 837 912 sed
864 876 984 912 solum
1011 876 1167 923 quadum
1190 876 1248 924 pia
1270 875 1514 917 simulatione,
1536 886 1581 909 nc
1603 873 1669 908 sci-

102 927 660 975 licetscandalizarentJudaeos,
675 938 710 965 et
724 940 850 965 eorum
866 930 1143 965 conversionem
1157 929 1383 976 impedirent.
1399 928 1506 970 Quae
1520 927 1666 975 quidem

102 981 288 1019 simulatio
309 982 359 1018 sic
381 982 617 1029 intelligenda
639 991 704 1026 est,
724 995 799 1018 non
820 983 968 1031 quidem
986 983 1034 1018 ita
1053 983 1150 1030 quod
1168 982 1250 1018 illos
1273 991 1374 1018 actus
1395 982 1596 1017 secundum
1618 980 1667 1015 rei

102 1036 293 1073 veritatem
313 1046 389 1071 non
409 1035 581 1079 facerent,
602 1037 664 1072 sed
682 1037 767 1085 quia
784 1049 858 1072 non
885 1037 1068 1072 faciebant
1093 1046 1281 1084 tamquam
1303 1036 1393 1083 legis
1417 1035 1668 1072 caeremonias

103 1089 356 1126 observantes:
377 1089 472 1125 sicut
491 1090 522 1125 si
543 1091 622 1137 quis
639 1090 849 1138 pelliculam
871 1091 983 1127 virilis
1001 1091 1156 1126 membri
1179 1091 1404 1126 abscinderet
1422 1099 1568 1138 propter
1581 1089 1671 1125 sani-

102 1151 227 1188 tatem,
247 1153 323 1179 non
344 1154 455 1179 causa
475 1143 601 1191 legalis
623 1144 910 1180 circumcisionis
932 1145 1190 1180 observandae.

177 1196 252 1233 Sed
281 1196 366 1245 quia
394 1196 567 1233 indecens
587 1198 738 1241 videtur,
760 1198 858 1245 quod
887 1198 1057 1245 Apostoli
1081 1209 1124 1233 ea
1151 1197 1376 1233 occultarent
1396 1205 1542 1245 propter
1571 1207 1672 1232 scan-

104 1249 243 1294 dalum,
263 1261 356 1298 quae
377 1250 558 1298 pertinent
579 1251 623 1286 ad
640 1251 830 1286 veritatem
852 1251 959 1294 vitae,
986 1259 1020 1286 et
1041 1251 1242 1294 doctrinae,
1264 1259 1299 1286 et
1319 1251 1416 1298 quod
1438 1249 1670 1286 simulatione

106 1311 290 1341 uterentur
309 1303 346 1339 in
366 1303 436 1347 his,
457 1315 550 1351 quae
567 1304 747 1352 pertinent
764 1304 808 1339 ad
827 1304 980 1340 salutem
1004 1304 1184 1347 fidelium3
1199 1304 1281 1340 ideo
1300 1304 1576 1340 convenientius
1598 1304 1671 1338 Au-

106 1357 270 1406 gustinus
293 1357 402 1405 (epist.
422 1358 497 1404 40.)
519 1357 680 1393 distinxit
700 1359 767 1394 tria
788 1367 972 1405 tempora:
992 1371 1095 1393 unum
1117 1358 1265 1406 quidem
1284 1367 1367 1394 ante
1381 1358 1519 1394 Christi
1539 1357 1673 1405 passio-

46 1443 54 1449 ,
105 1421 204 1454 nem,
222 1410 261 1446 in
278 1421 352 1458 quo
372 1409 505 1458 legalia
525 1422 643 1458 neque
664 1419 766 1446 erant
786 1412 972 1459 mortifera,
1000 1423 1118 1459 neque
1144 1418 1301 1447 mortua.-
1328 1412 1421 1447 aliud
1443 1420 1563 1446 autem
1590 1419 1672 1458 post

105 1473 250 1512 tempus
266 1462 456 1512 Evangelii
473 1464 661 1512 divulgati,
686 1465 723 1500 in
745 1476 818 1512 quo
839 1464 972 1512 legalia
992 1474 1076 1501 sunt
1095 1470 1229 1501 mortua
1255 1474 1290 1501 et
1314 1466 1510 1510 mortifera:
1537 1466 1669 1500 tertiam

107 1525 230 1554 autem
251 1525 306 1553 est
324 1525 469 1566 tempus
494 1518 669 1562 medium,
695 1518 835 1554 scilicet
856 1530 875 1553 a
893 1519 1062 1566 passione
1089 1518 1228 1554 Christi
1250 1530 1362 1566 usque
1393 1518 1437 1553 ad
1459 1517 1674 1565 divulgatio-

105 1582 190 1608 nem
212 1570 422 1618 Evangelii;
442 1571 480 1607 in
505 1583 579 1620 quo
605 1572 738 1620 legalia
759 1572 907 1620 quidem
930 1571 1075 1608 suerunt
1095 1579 1241 1616 mortua,
1269 1573 1352 1620 quia
1379 1584 1496 1620 neque
1517 1572 1592 1606 vim
1614 1571 1674 1606 ali-

105 1635 218 1673 quam
241 1624 436 1669 habebant,
462 1636 580 1673 neque
607 1625 736 1673 aliquis
762 1637 805 1661 ea
832 1626 1024 1661 observare
1049 1627 1255 1670 tenebatur;
1280 1637 1355 1662 non
1381 1634 1504 1661 tamen
1530 1624 1674 1660 fuerunt

106 1678 293 1726 mortifera,
315 1678 400 1726 quia
420 1677 474 1714 illi
491 1679 554 1726 qui
575 1679 742 1715 conversi
764 1688 867 1715 erant
888 1680 932 1714 ad
954 1679 1145 1715 Christum
1172 1691 1215 1715 ex
1235 1679 1394 1726 Judaeis,
1420 1687 1588 1727 poterant
1612 1678 1672 1713 illa

106 1731 238 1779 legalia
266 1731 363 1768 licite
390 1732 596 1776 observare,
618 1733 822 1768 dummodo
849 1744 922 1768 non
950 1733 1001 1768 sic
1029 1742 1206 1780 ponerent
1232 1745 1334 1781 spem
1364 1733 1399 1768 in
1422 1733 1486 1776 eis,
1512 1733 1609 1780 quod
1632 1743 1673 1767 ea

107 1793 313 1834 reputarent
333 1785 400 1822 sibi
421 1787 625 1822 necessaria
649 1787 692 1822 ad
711 1787 878 1830 salutem,
899 1787 1001 1834 quasi
1016 1788 1092 1823 sine
1114 1787 1290 1834 legalibus
1312 1787 1400 1823 fides
1423 1787 1560 1822 Christi
1580 1787 1676 1832 justi-

108 1839 217 1875 ficare
237 1850 312 1875 non
333 1849 467 1886 posset.
490 1840 556 1876 His
577 1849 711 1884 autem,
729 1842 790 1888 qui
810 1841 1112 1876 convertebantur
1126 1853 1168 1876 ex
1190 1841 1389 1887 gentilitate
1408 1841 1452 1875 ad
1475 1840 1675 1882 Christum,

107 1903 182 1929 non
203 1894 320 1929 inerat
340 1904 449 1929 causa
467 1901 505 1929 ut
526 1905 568 1929 ea
591 1894 844 1930 observarent:
861 1904 895 1930 et
910 1895 991 1930 ideo
1015 1895 1148 1930 Paulus
1171 1895 1398 1930 circumcidit
1421 1894 1675 1936 Timotheum,

107 1947 168 1994 qui
188 1958 231 1983 ex
252 1955 367 1983 matre
379 1947 516 1994 Judaea
536 1948 678 1994 genitus
697 1956 790 1984 erat:
815 1948 941 1984 Titum
957 1957 1090 1991 autem,
1105 1949 1165 1996 qui
1185 1960 1226 1984 ex
1243 1948 1446 1984 Gentilibus
1465 1956 1569 1983 natus
1589 1956 1675 1989 erat,

108 2000 371 2037 circumcidere
391 2000 519 2037 noluit.
542 2001 630 2037 ldeo
657 2010 778 2037 autem
806 2002 922 2037 noluit
948 2003 1102 2049 Spiritus
1129 2002 1296 2045 Sanctus,
1325 2011 1363 2037 ut
1392 2002 1513 2037 statim
1540 2002 1677 2036 inhibe-

108 2062 205 2091 retur
232 2053 289 2090 his
315 2054 377 2102 qui
403 2065 446 2090 ex
467 2055 612 2102 Judaeis
640 2056 956 2099 convertebantur,
982 2056 1188 2092 observatio
1215 2056 1400 2103 legalium,
1426 2056 1517 2091 sicut
1542 2055 1678 2090 inhibe-

108 2108 212 2144 batur
231 2107 288 2144 his
315 2108 377 2156 qui
405 2120 448 2144 ex
476 2108 681 2144 Gentilibus
712 2109 1028 2153 convertebantur,
1059 2110 1269 2157 gentilitatis
1300 2110 1398 2152 ritus,
1429 2119 1467 2145 ut
1496 2109 1675 2157 quaedam

109 2160 311 2198 differentia
339 2162 433 2198 inter
461 2162 530 2199 hos
557 2163 644 2198 ritus
666 2163 935 2199 ostenderetur:
964 2175 1049 2199 nam
1071 2163 1280 2211 gentilitatis
1310 2164 1397 2199 ritus
1425 2163 1677 2211 repudiabatur

108 2223 297 2263 tamquam
327 2215 482 2251 omnino
509 2216 667 2260 illicitus,
693 2225 726 2252 et
755 2228 773 2251 a
799 2217 882 2252 Deo
909 2228 1053 2264 semper
1079 2217 1297 2264 prohibitus:
1326 2218 1413 2252 ritus
1441 2225 1561 2252 autem
1588 2216 1678 2263 legis

111 2268 286 2312 cessabat,
306 2276 494 2316 tamquam
514 2269 683 2318 impletus
705 2282 766 2317 per
789 2270 924 2306 Christi
946 2271 1165 2318 passionem,
1188 2280 1311 2319 utpote
1327 2283 1345 2306 a
1368 2272 1450 2306 Deo
1469 2271 1502 2306 in
1524 2271 1676 2316 liguram

111 2321 251 2358 Christi
270 2322 465 2359 institutus.

182 2375 244 2412 AD
265 2386 472 2412 SECUNDUM
486 2376 693 2421 dicendum,
714 2377 811 2424 quod
833 2378 1033 2413 secundum
1054 2378 1202 2414 Hieron.
1221 2379 1300 2424 (lotz
1320 2380 1374 2414 cit.
1393 2380 1426 2413 in
1445 2385 1525 2425 resp.
1547 2378 1590 2413 ad
1615 2379 1675 2424 1.),

111 2428 239 2466 Petrus
256 2429 481 2465 simulatorie
500 2441 538 2465 se
560 2441 579 2465 a
602 2430 805 2465 Gentilibus
827 2431 1069 2474 subtrahebat,
1092 2441 1129 2467 ut
1150 2432 1510 2478 vitaretJudaeorum
1533 2431 1679 2467 scanda-

111 2481 201 2526 lum,
221 2493 378 2530 quorum
396 2492 472 2518 erat
494 2483 705 2530 Apostolus,
724 2485 818 2519 unde
841 2485 875 2519 in
898 2485 968 2520 hoc
992 2485 1094 2520 nullo
1117 2486 1230 2520 modo
1254 2486 1431 2532 peccavit:
1455 2486 1516 2520 sed
1545 2485 1678 2520 Paulus

113 2546 198 2571 eum
213 2535 379 2572 similiter
392 2536 617 2572 simulatorie
632 2538 872 2584 reprehendit,
885 2547 923 2574 ut
936 2539 1063 2575 vitaret
1077 2539 1289 2575 scandalum
1303 2539 1679 2586 Gentilium,quorum

113 2597 190 2625 erat
215 2589 427 2637 Apostolus.
455 2590 526 2625 Sed
558 2591 712 2635 August.
740 2591 819 2635 (loc.
843 2599 914 2640 sup.
943 2593 1014 2639 cit.)
1047 2593 1117 2629 hoc
1145 2594 1346 2639 improbat:
1374 2594 1456 2640 quia
1485 2593 1617 2628 Paulus
1645 2593 1679 2627 in

114 2641 306 2679 Canonica
328 2642 525 2690 Scriptura,
546 2644 684 2679 scilicet
706 2644 788 2680 Gal.
812 2656 842 2680 2.
866 2646 898 2680 in
923 2657 992 2692 qua
1015 2646 1115 2681 nefas
1137 2655 1190 2681 est
1217 2647 1363 2681 credere
1386 2646 1519 2693 aliquid
1548 2646 1678 2681 falsum

115 2707 206 2739 esse,
227 2696 313 2732 dicit
328 2697 426 2744 quod
448 2697 561 2734 Petrus
584 2698 844 2746 reprehensibilis
865 2706 956 2735 crat:
980 2700 1073 2735 unde
1096 2712 1220 2735 verum
1244 2709 1308 2742 est,
1330 2701 1426 2747 quod
1455 2700 1580 2735 Petrus
1603 2711 1681 2746 pec-

117 2751 225 2794 cavit,
246 2759 283 2787 et
302 2750 437 2788 Paulus
457 2763 540 2788 vere
562 2764 658 2795 eum,
677 2764 749 2787 non
773 2753 997 2789 simulatorie
1013 2755 1252 2801 reprehendit.
1274 2754 1355 2789 Non
1373 2763 1493 2789 autem
1517 2754 1681 2800 peccavit

116 2804 244 2841 Petrus
264 2804 301 2840 in
322 2804 409 2848 hoc,
429 2805 526 2853 quod
549 2806 592 2841 ad
614 2815 759 2854 tempus
780 2806 912 2853 legalia
926 2808 1158 2850 observabam
1173 2808 1256 2854 quia
1275 2808 1345 2842 hoc
1365 2808 1431 2842 sibi
1450 2807 1579 2842 licebat
1593 2815 1682 2842 tam-

116 2867 227 2906 quam
245 2868 289 2894 ex
306 2857 453 2905 judaeis
473 2870 675 2896 converso:
694 2860 754 2895 sed
774 2861 944 2907 peccabat
968 2861 1002 2896 in
1026 2861 1109 2903 hoc,
1131 2862 1228 2908 quod
1251 2862 1345 2896 circa
1368 2861 1540 2907 legalium
1563 2861 1681 2896 obscr-
