1907 3182
202 214 281 258 142
600 207 822 245 QUAESTIO
855 205 960 235 XVII.
994 201 1239 234 ARTICULUS
1277 200 1352 229 VII.

196 307 295 337 vum,
317 302 352 328 et
372 292 606 333 irascitivum,
630 301 721 336 quae
743 288 922 335 pertinent
942 285 985 320 ad
1008 284 1208 331 appetitum
1231 280 1463 322 sensitivum;
1483 289 1570 325 ergo
1589 284 1690 312 actus
1709 288 1766 323 ap-

197 349 328 396 petitus
349 346 509 382 sensitivi
530 345 692 390 subjacet
712 342 866 388 imperio
888 339 1049 374 rationis.

269 402 499 436 RESPONDEO
519 398 725 438 dicendum,
749 395 846 442 quod
868 393 1068 428 secundum
1095 392 1167 425 hoc
1191 389 1319 435 aliquis
1343 395 1442 422 actus
1463 386 1618 432 imperio
1640 392 1766 419 nostro

199 457 370 501 subjacet,
393 462 499 501 prout
521 460 573 487 est
602 452 639 486 in
661 457 838 497 potestate
859 455 994 488 nostra,
1018 454 1055 480 ut
1081 456 1188 491 supra
1210 444 1348 477 dictum
1375 449 1428 475 est
1450 441 1529 484 (art.
1548 439 1704 487 praec.);
1734 445 1770 472 et

198 512 280 545 ideo
305 510 348 544 ad
370 507 657 554 intelligendum,
680 504 833 551 qualiter
855 510 955 536 actus
979 499 1156 546 appetitus
1178 496 1339 532 sensitivi
1357 494 1529 529 subdatur
1546 494 1699 540 imperio
1718 503 1771 525 ra-

199 565 318 607 tionis,
345 570 488 610 oportet
510 560 751 599 considerare,
779 556 931 603 qualiter
953 555 997 589 sit
1018 554 1054 587 in
1076 559 1254 599 potestate
1276 557 1410 584 nostra.
1433 548 1496 582 Est
1515 555 1638 582 autem
1659 545 1772 580 scien—

201 619 300 661 dum,
322 617 419 664 quod
447 615 623 662 appetitus
651 612 841 647 sensitivus
864 610 899 643 in
920 609 994 642 hoc
1013 606 1130 641 differt
1149 606 1190 639 ab
1211 603 1372 650 appetitu
1390 601 1624 642 intellectivo,
1643 601 1703 646 qui
1723 598 1771 632 di-

202 673 292 707 citur
305 671 485 712 voluntas,
496 669 593 715 quod
608 667 784 714 appetitus
796 664 986 699 sensitivus
998 669 1051 696 est
1061 661 1172 694 virtus
1188 659 1317 704 organi
1331 655 1542 703 corporalis,
1557 666 1633 689 non
1648 661 1771 688 autem

201 727 385 761 voluntas:
409 724 528 759 omnis
551 730 672 757 autem
695 729 794 754 actus
816 717 956 751 virtutis
980 716 1110 749 utentis
1133 723 1272 759 organo
1295 710 1477 757 corporali
1498 708 1677 756 dependet
1696 717 1771 740 non

202 781 323 816 solum
345 791 387 814 ex
408 777 569 825 potentia
593 776 747 816 animae,
767 773 827 807 sed
848 772 958 806 etiam
977 781 1020 803 ex
1039 767 1239 814 corporalis
1259 765 1386 811 organi
1406 763 1663 810 dispositione;
1680 761 1774 795 sicut

203 836 294 870 visio
322 846 363 869 ex
384 834 546 880 potentia
566 831 692 871 visiva,
716 837 750 863 et
772 826 943 874 qualitate
966 822 1075 864 oculi,
1097 833 1160 868 per
1182 831 1293 867 quam
1313 820 1467 865 juvatur,
1480 816 1540 851 vel
1556 815 1772 862 impeditur:

204 889 298 923 unde
321 897 355 922 et
381 895 481 922 actus
511 884 687 932 appetitus
718 880 878 916 sensitivi
906 889 981 912 non
1011 876 1132 910 solum
1155 873 1333 920 dependet
1360 883 1402 906 ex
1422 871 1458 905 vi
1479 869 1685 917 appetitiva,
1711 867 1774 902 sed

205 944 313 978 etiam
336 954 378 976 ex
400 940 636 987 dispositione
658 935 830 982 corporis.
854 932 946 967 Illud
969 938 1102 971 autem,
1125 928 1223 974 quod
1246 935 1299 961 est
1320 937 1363 960 ex
1383 933 1483 972 parte
1501 922 1685 970 potentiae
1704 920 1777 955 ani-

205 1009 299 1038 mae,
326 995 486 1041 sequitur
517 990 864 1039 apprehensionem:
894 983 1135 1032 apprehensio
1164 990 1286 1015 autem
1312 977 1595 1025 imaginationis,
1622 986 1707 1009 cum
1732 974 1778 1008 sit

204 1049 440 1097 particularis,
462 1046 646 1093 regulatur
668 1044 710 1078 ab
735 1039 1023 1089 apprehensione
1047 1036 1209 1077 rationis,
1233 1045 1325 1081 quae
1352 1041 1405 1068 est
1426 1029 1661 1072 universalis;
1684 1028 1777 1063 sicut

204 1106 316 1138 virtus
339 1103 455 1138 activa
477 1099 701 1147 particularis
725 1109 744 1131 a
758 1097 891 1130 virtute
907 1093 1025 1127 activa
1038 1089 1252 1124 universali:
1277 1096 1312 1123 et
1325 1087 1408 1122 ideo
1423 1097 1466 1121 ex
1479 1086 1546 1120 ista
1561 1091 1662 1131 parte
1677 1089 1778 1116 actus

207 1158 383 1206 appetitus
405 1155 568 1191 sensitivi
585 1153 747 1198 subjacet
764 1149 918 1196 imperio
938 1145 1105 1180 rationis:
1126 1143 1280 1190 qualitas
1295 1150 1429 1183 autem,
1449 1148 1484 1174 et
1501 1138 1688 1185 dispositio
1704 1147 1780 1170 cor-

206 1212 303 1259 poris
332 1222 407 1245 non
434 1209 595 1254 subjacet
620 1206 774 1253 imperio
802 1201 970 1238 rationis:
999 1207 1034 1234 et
1059 1198 1141 1232 ideo
1170 1209 1211 1232 ex
1237 1197 1307 1230 hac
1334 1203 1434 1242 parte
1460 1192 1666 1240 impeditur,
1693 1190 1779 1236 quin

207 1275 327 1301 motus
349 1264 511 1300 sensitivi
533 1262 709 1309 appetitus
730 1258 890 1294 totaliter
908 1254 1081 1290 subdatur
1098 1252 1252 1298 imperio
1270 1249 1432 1285 rationis.
1453 1245 1644 1292 Contingit
1657 1251 1779 1278 autem

208 1321 317 1355 etiam
328 1319 557 1366 quandoque,
569 1315 665 1362 quod
681 1321 801 1348 motus
818 1309 994 1358 appetitus
1010 1307 1171 1342 sensitivi
1186 1305 1304 1340 subito
1316 1304 1518 1338 concitatur
1529 1301 1572 1334 ad
1584 1298 1781 1346 apprehen-

209 1375 351 1409 sionem
372 1370 656 1418 imaginationis,
677 1367 737 1402 vel
763 1376 908 1401 sensus:
942 1371 977 1398 et
997 1370 1083 1396 tunc
1106 1360 1166 1394 ille
1193 1366 1317 1393 motus
1345 1365 1398 1392 est
1419 1363 1561 1403 praeter
1585 1352 1780 1399 imperium

209 1428 376 1469 rationis;
405 1425 570 1472 quamvis
599 1423 776 1470 potuisset
797 1419 965 1466 impediri
987 1429 1007 1451 a
1027 1417 1180 1456 ratione,
1208 1414 1237 1448 si
1258 1412 1516 1459 praevidisset:
1544 1408 1639 1443 unde
1660 1405 1782 1441 Philo-

211 1482 346 1528 sophus
369 1480 455 1514 dicit
475 1480 512 1513 in
530 1489 558 1513 1.
580 1477 723 1511 Politic.
739 1477 868 1522 (cap.3.
884 1486 903 1508 a
920 1471 1034 1516 med),
1055 1469 1152 1516 quod
1176 1467 1267 1502 ratio
1290 1473 1432 1513 praeest
1452 1461 1635 1504 irascibili,
1650 1469 1685 1495 et
1699 1471 1783 1494 con-

213 1534 424 1582 cupiscibili,
446 1545 521 1567 non
543 1532 745 1579 principatu
772 1528 972 1574 despotico‚
1000 1526 1061 1571 qui
1083 1531 1135 1557 est
1157 1521 1297 1557 domini
1319 1520 1362 1554 ad
1385 1529 1541 1559 servum,
1562 1516 1625 1551 sed
1651 1513 1783 1561 princi-

212 1598 297 1636 patu
314 1588 477 1635 politico,
493 1595 554 1620 aut
567 1585 691 1631 regali,
706 1583 766 1630 qui
782 1590 835 1617 est
849 1582 892 1616 ad
906 1581 1051 1620 liberos,
1068 1577 1127 1624 qui
1141 1588 1215 1610 non
1229 1574 1389 1610 totaliter
1402 1572 1602 1607 subduntur
1615 1568 1781 1615 imperio.

284 1644 343 1677 AD
365 1652 514 1677 PRIMUM
537 1651 623 1685 ergo
643 1637 848 1678 dicendum,
865 1634 961 1682 quod
979 1635 1055 1668 hoc
1077 1631 1173 1678 quod
1191 1630 1307 1664 homo
1325 1627 1403 1662 vult
1420 1637 1493 1661 non
1512 1623 1783 1670 concupiscere,

215 1705 250 1732 et
269 1705 392 1731 tamen
416 1693 650 1740 concupiscit,
675 1691 852 1737 contingit
870 1702 911 1724 ex
931 1686 1167 1734 dispositione
1188 1682 1361 1730 corporis,
1380 1692 1444 1727 per
1461 1690 1572 1726 quarn
1589 1676 1785 1724 impeditur

217 1751 392 1798 appetitus
417 1749 618 1789 sensitivus,
640 1758 685 1780 ne
707 1745 866 1780 totaliter
888 1750 1056 1789 sequatur
1078 1738 1273 1785 imperium
1295 1736 1465 1771 rationis:
1488 1733 1584 1768 unde
1606 1739 1641 1766 et
1655 1731 1783 1777 Apost.

217 1806 351 1839 ibidem
374 1803 510 1838 subdit:
540 1801 636 1836 Video
655 1801 758 1835 aliam
777 1800 875 1845 Iegem
898 1799 930 1831 in
950 1796 1105 1830 membris
1123 1794 1202 1828 meis
1221 1794 1459 1838 repugnantem
1474 1788 1536 1834 legi
1548 1787 1663 1821 menti5
1675 1796 1784 1819 meae:

214 1860 286 1893 hoc
309 1859 418 1893 etiarn
442 1856 620 1901 contingit
642 1862 788 1901 propter
811 1852 969 1887 subitum
992 1856 1135 1883 motum
1157 1843 1489 1891 concupiscentiae,
1510 1849 1549 1876 ut
1571 1841 1711 1875 dictum
1733 1845 1786 1873 est

215 1914 267 1959 (in
289 1919 377 1959 serp.
401 1912 492 1957 art).

287 1967 346 2000 AD
373 1975 581 2000 SECUNDUM
606 1962 812 2003 dicendum,
835 1959 932 2006 quod
955 1957 1107 2005 qualitas
1131 1952 1330 2001 corporalis
1352 1951 1530 1999 dupliciter
1550 1959 1588 1983 se
1605 1947 1715 1982 habet
1742 1945 1785 1980 ad

217 2029 338 2055 actum
361 2019 537 2066 appetitus
560 2016 736 2052 sensitivi:
761 2027 825 2049 uno
845 2013 952 2055 modo,
976 2020 1014 2046 ut
1044 2009 1285 2057 praecedens;
1308 2014 1415 2054 prout
1437 2003 1564 2050 aliquis
1584 2010 1637 2037 est
1655 2001 1786 2047 aliqua-

216 2074 295 2108 liter
317 2073 510 2119 dispositus
539 2070 739 2106 secundum
767 2079 899 2114 corpus
922 2066 965 2100 ad
992 2066 1100 2106 hanc,
1121 2062 1180 2098 vel
1206 2061 1308 2096 illam
1336 2059 1561 2107 passionem:
1589 2056 1655 2090 alio
1677 2054 1785 2096 modo,

218 2136 256 2162 ut
277 2138 522 2173 consequens;
545 2125 636 2159 sicut
657 2135 740 2157 cum
759 2135 801 2157 ex
820 2122 871 2155 ira
891 2121 1019 2166 aliquis
1038 2117 1235 2153 incalescit.
1254 2114 1422 2156 Qualitas
1441 2112 1550 2158 igitur
1566 2109 1787 2157 praecedens

218 2193 292 2216 non
314 2181 475 2226 subjacet
496 2179 650 2225 imperio
672 2178 839 2218 rationis,
871 2175 953 2221 quia
974 2173 1034 2208 vel
1056 2180 1109 2207 est
1130 2184 1173 2206 ex
1193 2177 1334 2212 natura,
1354 2167 1413 2202 vel
1436 2179 1478 2202 ex
1500 2166 1620 2212 aliqua
1646 2173 1789 2210 praece-

219 2235 315 2270 denti
337 2235 514 2275 motione,
544 2244 635 2279 quae
663 2243 737 2265 non
766 2231 887 2265 statim
914 2229 1100 2275 quiescere
1128 2233 1262 2272 potest:
1291 2223 1352 2258 sed
1380 2221 1533 2268 qualitas
1560 2227 1788 2264 consequens

219 2289 379 2335 sequitur
400 2287 594 2334 imperium
615 2285 784 2326 rationis3
808 2285 891 2330 quia
909 2282 1068 2328 sequitur
1084 2288 1226 2314 motum
1245 2277 1405 2313 localem
1420 2275 1550 2317 cordis,
1565 2272 1663 2320 quod
1678 2271 1791 2305 diver-

220 2343 361 2377 simode
385 2350 551 2376 movetur
574 2340 775 2374 secundum
798 2338 959 2371 diversos
983 2343 1082 2369 actus
1105 2333 1267 2368 sensitivi
1290 2330 1479 2378 appetitus.

290 2397 349 2430 AD
369 2405 540 2430 TERTIUM
563 2393 768 2433 dicendum,
799 2390 895 2437 quod
918 2390 1000 2436 quia
1023 2389 1065 2422 ad
1091 2386 1419 2434 apprehensionem
1443 2393 1569 2417 sensus
1597 2379 1790 2427 requiritur

220 2449 387 2485 sensibile
409 2448 574 2489 exterius,
594 2458 668 2480 non
684 2454 736 2480 est
752 2446 787 2478 in
802 2452 979 2490 potestate
1002 2450 1126 2476 nostra
1150 2439 1420 2487 apprehendere
1440 2436 1574 2483 aliquid
1589 2445 1708 2475 sensu,
1722 2433 1791 2467 nisi

221 2503 379 2539 sensibili
401 2509 600 2549 praesente,
625 2501 724 2545 cujus
747 2499 950 2545 praesentia
971 2508 1045 2530 non
1066 2507 1209 2541 semper
1228 2494 1331 2529 estin
1349 2499 1527 2538 potestate
1542 2497 1684 2524 nostra:
1704 2495 1790 2522 tunc

222 2558 317 2592 enim
345 2557 459 2590 homo
483 2563 600 2602 potest
622 2555 670 2588 uti
699 2564 805 2587 sensu
834 2563 917 2585 cum
940 2550 1106 2591 voluerit,
1133 2549 1201 2583 nisi
1228 2548 1274 2582 sit
1294 2546 1597 2593 impedimentum
1624 2554 1667 2577 ex
1691 2548 1791 2588 parte

222 2611 364 2656 organi:
389 2608 628 2656 apprehensio
649 2615 769 2641 autem
792 2604 1063 2651 imaginationis
1083 2604 1244 2647 subjacet
1263 2599 1483 2635 ordinationi
1500 2596 1650 2633 rationis
1669 2605 1794 2630 secun-

222 2666 308 2699 dum
331 2664 482 2698 modum
497 2662 647 2703 virtutis,
661 2660 719 2694 vel
738 2659 929 2693 debilitatis
950 2657 1207 2701 imaginativae
1226 2654 1429 2702 potentiae:
1449 2651 1546 2699 quod
1561 2650 1658 2685 enim
1676 2649 1791 2683 homo

222 2730 296 2752 non
319 2718 431 2764 possit
452 2715 654 2761 imaginari,
678 2725 769 2760 quae
791 2713 883 2747 ratio
907 2712 1122 2752 considerat,
1146 2710 1336 2755 contingit,
1358 2707 1415 2741 vel
1437 2718 1479 2741 ex
1497 2706 1567 2740 hoc
1595 2703 1693 2750 quod
1718 2712 1793 2736 non

224 2780 306 2806 sunt
326 2770 584 2817 imaginabilia,
607 2769 700 2803 sicut
722 2765 991 2812 incorporalia3
1013 2764 1069 2798 vel
1093 2772 1238 2810 propter
1261 2761 1484 2797 debilitatem
1505 2757 1648 2793 virtutis
1669 2755 1795 2801 imagi-

224 2826 378 2867 nativae,
401 2836 492 2871 quae
515 2831 567 2858 est
590 2835 631 2857 ex
654 2821 773 2867 aliqua
795 2819 1071 2865 indispositione
1095 2818 1232 2862 organi.
