1907 3182
247 189 330 244 388
663 199 883 235 QUAESTIO
918 197 1003 226 Lv1.
1038 195 1282 226 ARTICULUS
1315 195 1372 224 IV.

244 291 311 325 tus,
334 293 425 329 quae
448 289 500 316 est
526 281 562 315 in
589 279 769 321 irascibili,
797 287 831 313 et
859 276 1143 323 concupiscibili,
1165 275 1256 310 nihil
1283 274 1379 309 aliud
1406 282 1469 317 est,
1493 285 1602 320 quarn
1629 273 1809 320 quaedam

244 335 435 372 habitualis
458 334 693 368 conformitas
714 334 863 367 istarum
886 331 1131 377 potentiarum
1151 329 1194 362 ad
1217 329 1407 362 rationem.

317 389 376 423 AD
395 399 543 423 PRtMUM
562 399 648 433 ergo
672 387 875 426 dicendum,
899 384 995 430 quod
1018 382 1217 424 irascibilis,
1241 390 1275 416 et
1297 380 1590 427 concupiscibilis
1609 379 1810 415 secundum

245 454 282 478 se
305 442 564 482 consideratae,
587 448 693 487 prout
714 447 795 473 sunt
817 446 935 484 partes
958 437 1135 483 appetitus
1157 435 1329 477 sensitivi‚
1353 445 1570 468 communes
1592 441 1675 468 sunt
1694 433 1810 474 nobis,

246 504 280 531 et
300 496 432 529 brutis:
465 495 526 529 sed
549 493 750 528 secundum
772 492 869 538 quod
895 498 978 525 sunt
1004 488 1198 524 rationales
1224 500 1288 534 per
1314 487 1641 534 participationem,
1667 494 1707 521 ut
1731 486 1813 520 obe-

246 550 382 583 dientes
397 548 537 590 rationi,
553 548 602 581 sic
621 554 703 581 sunt
717 545 882 592 propriae
897 544 1072 578 hominis:
1090 550 1124 577 et
1138 543 1209 576 hoc
1225 542 1337 576 modo
1352 548 1503 588 possunt
1519 551 1596 575 esse
1611 540 1812 586 subjectum

246 603 385 637 virtutis
406 602 599 636 humanae.

318 656 376 690 AD
393 664 598 690 SECUNDUM
615 652 821 693 dicendum,
836 650 933 697 quod
948 651 1041 685 sicut
1060 660 1144 683 caro
1161 648 1322 682 hominis
1342 659 1383 682 ex
1399 658 1436 681 se
1451 647 1598 693 quidem
1612 658 1687 681 non
1704 646 1814 680 habet

246 710 383 744 bonum
406 708 555 748 virtutis,
579 706 617 740 fit
638 714 760 740 tamen
787 705 1068 739 instrumentum
1094 702 1246 736 virtuosi
1272 710 1384 742 actus,
1406 701 1622 747 inquantum
1643 707 1814 734 movente

248 763 386 797 ratione
408 761 571 795 membra
593 768 716 794 nostra
739 759 949 793 exhibemus
973 757 1015 791 ad
1039 756 1268 791 serviendum
1290 754 1462 800 justitiae:
1484 754 1534 788 ita
1560 754 1670 788 etiam
1698 753 1817 787 irasci-

248 816 339 857 bilis,
362 823 396 849 et
424 813 713 860 concupiscibilis
736 824 777 846 ex
800 823 836 846 se
860 811 1006 857 quidem
1028 821 1102 844 non
1123 809 1259 843 habent
1279 809 1418 842 bonum
1438 807 1592 849 virtutis,
1614 807 1677 841 sed
1699 806 1815 852 magis

249 871 483 906 infectionem
504 869 664 910 fomitis;
692 868 907 914 inquantum
928 877 1014 900 vero
1039 864 1313 899 conformantur
1335 863 1477 905 rationi,
1500 862 1550 896 sic
1576 861 1613 895 in
1635 861 1685 895 eis
1713 871 1817 906 agge-

249 933 393 959 neratur
411 924 549 957 bonum
571 922 710 956 virtutis
733 920 893 955 moralis.

320 978 379 1012 AD
402 987 573 1011 TERTIUM
596 975 802 1016 dicendum,
826 974 921 1020 quod
946 972 1015 1007 alia
1037 972 1178 1006 ratione
1200 971 1336 1016 regitur
1350 980 1481 1016 corpus
1497 969 1539 1003 ab
1556 969 1689 1010 anima,
1705 975 1739 1001 et
1754 967 1819 1000 ira-

249 1031 382 1066 scibilis
405 1038 439 1065 et
467 1028 758 1075 concupiscibilis
788 1039 807 1061 a
833 1028 992 1062 ratione:
1021 1037 1150 1072 corpus
1178 1025 1275 1059 enim
1303 1024 1347 1058 ad
1372 1032 1501 1058 nutum
1528 1023 1650 1057 obedit
1675 1021 1818 1056 animae

251 1086 383 1131 absque
407 1083 694 1118 contradictione
724 1083 760 1115 in
783 1082 850 1124 his,
872 1082 908 1115 in
931 1081 1059 1127 quibus
1086 1087 1212 1113 natum
1240 1086 1293 1113 est
1319 1078 1361 1111 ab
1390 1076 1512 1111 anima
1533 1077 1697 1118 moveri,
1724 1075 1818 1109 unde

250 1138 342 1173 Phil.
377 1138 463 1172 dicit
495 1138 532 1171 in
570 1148 597 1170 1.
620 1135 727 1170 Polit.
750 1136 838 1182 (sap.
857 1148 885 1182 3.
909 1146 929 1169 a
955 1134 1067 1179 nard),
1097 1132 1193 1179 quod
1218 1132 1337 1166 anima
1364 1131 1457 1176 regit
1479 1141 1609 1176 corpus
1631 1128 1818 1175 despotico

250 1192 463 1239 principam,
478 1191 570 1224 idest
590 1190 682 1224 sicut
703 1190 872 1223 dominus
896 1199 1052 1229 servum,
1075 1195 1109 1221 et
1135 1187 1217 1220 ideo
1241 1193 1337 1219 totus
1352 1192 1473 1218 motus
1496 1183 1658 1230 corporis
1671 1181 1820 1217 refertur

259 1246 302 1280 ad
325 1246 504 1285 animam3
525 1252 557 1278 et
581 1251 727 1290 propter
748 1243 818 1276 hoc
841 1242 877 1275 in
901 1252 1053 1287 corpore
1075 1251 1149 1274 non
1173 1247 1225 1273 est
1244 1240 1367 1280 virtus,
1390 1238 1452 1272 sed
1474 1236 1594 1272 solum
1621 1237 1657 1270 in
1680 1236 1819 1277 anima3

254 1299 316 1334 sed
338 1297 538 1339 irascibilis,
562 1305 596 1331 et
618 1295 909 1342 concupiscibilis
924 1306 999 1328 non
1021 1293 1195 1328 obediunt
1217 1292 1261 1326 ad
1282 1300 1410 1325 nutum
1433 1290 1583 1333 rationi3
1602 1290 1663 1324 sed
1686 1289 1820 1323 habent

252 1354 417 1400 proprios
444 1359 564 1385 motus
591 1361 688 1391 suos,
716 1350 842 1396 quibus
876 1348 1059 1382 interdum
1086 1346 1218 1381 rationi
1244 1352 1464 1392 repugnant;
1497 1344 1590 1378 unde
1616 1344 1653 1377 in
1687 1343 1819 1377 eodem

253 1407 344 1441 libro
368 1407 446 1451 (loc.
470 1406 541 1448 cit.)
563 1404 699 1438 Philos.
723 1404 819 1445 dicit,
840 1402 935 1449 quod
959 1403 1048 1435 ratio
1077 1401 1168 1447 regit
1188 1399 1420 1440 irascibilem,
1443 1405 1476 1432 et
1499 1396 1821 1444 concupiscibilem

253 1460 453 1507 principatu
475 1458 636 1505 politico,
664 1468 735 1503 quo
759 1456 897 1490 scilicet
923 1463 1094 1501 reguntur
1116 1453 1229 1495 liberi,
1254 1453 1314 1499 qui
1335 1453 1471 1486 habent
1491 1452 1528 1485 in
1548 1451 1726 1497 aliquibus
1743 1461 1823 1496 pro-

257 1514 373 1560 priam
398 1512 641 1553 voluntatem3
669 1519 703 1545 et
729 1518 873 1556 propter
901 1510 971 1543 hoc
1007 1509 1116 1542 etiam
1147 1515 1290 1553 oportet
1316 1507 1350 1540 in
1379 1505 1560 1547 irascibili,
1590 1513 1625 1539 et
1656 1504 1824 1550 concupi-

255 1567 369 1602 scibili
392 1577 468 1600 esse
491 1565 627 1611 aliquas
650 1565 810 1605 virtutes,
834 1563 960 1609 quibus
982 1563 1072 1596 bene
1096 1561 1332 1606 disponantur
1354 1560 1398 1594 ad
1421 1567 1553 1593 actum.
1827 1558 1838 1562 ”

326 1621 386 1655 AD
409 1629 597 1658 QUARTUM
620 1617 826 1659 dicendum,
841 1616 937 1663 quod
960 1617 994 1650 in
1014 1615 1192 1649 electione
1212 1614 1274 1648 duo
1294 1620 1392 1655 sunt;
1407 1612 1559 1647 scilicet:
1580 1612 1713 1646 intentio
1733 1611 1824 1653 finis,

256 1686 347 1720 quae
370 1673 522 1720 pertinet
545 1672 587 1705 ad
614 1672 784 1705 virtutem
807 1669 1004 1711 morale1n3
1029 1676 1063 1702 et
1088 1669 1322 1715 prczeczcceptio
1350 1668 1437 1712 ejus,
1453 1665 1549 1712 quod
1572 1673 1625 1700 est
1643 1665 1687 1699 ad
1702 1665 1824 1707 finem,

257 1728 353 1774 quod
372 1727 526 1773 pertinet
545 1726 588 1759 ad
608 1724 847 1771 prudentiam,
863 1730 899 1756 ut
915 1722 1044 1756 dicitur
1062 1723 1098 1756 in
1113 1726 1145 1755 o.
1165 1721 1280 1755 Ethic.
1303 1720 1390 1767 (cap.
1410 1732 1440 1755 2.
1459 1725 1487 1754 et
1500 1720 1568 1766 5.):
1587 1718 1685 1765 quod
1703 1726 1825 1753 autem

255 1782 387 1815 habeat
413 1788 549 1814 rectam
580 1778 823 1812 intentionem
852 1776 930 1810 sinis
960 1776 1055 1809 circa
1082 1774 1268 1821 passiones
1298 1774 1452 1815 animae,
1478 1773 1551 1807 hoc
1579 1772 1759 1818 contingit
1784 1783 1826 1806 ex

257 1836 351 1869 bona
374 1834 610 1880 dispositione
632 1831 832 1872 irascibilis,
849 1838 883 1864 et
895 1827 1205 1875 concupiscibilis:
1226 1835 1260 1862 et
1278 1827 1362 1862 ideo
1384 1827 1532 1861 virtutes
1555 1825 1712 1860 morales
1731 1825 1827 1859 circa

257 1888 443 1936 passiones
466 1895 547 1922 sunt
565 1887 601 1921 in
622 1884 804 1926 irascibili,
828 1892 862 1918 et
884 1881 1176 1929 concupiscibili:
1201 1881 1263 1916 sed
1285 1880 1475 1927 prudentia
1497 1887 1551 1914 est
1570 1879 1607 1913 in
1628 1879 1779 1913 ratione.

825 2024 1170 2071 ARTICULUS
1205 2025 1259 2067 v.
1758 2043 1825 2080 299

262 2139 415 2170 UTRUM
434 2139 554 2168 VIRES
577 2136 928 2166 APPREHENSIVAE
952 2133 1204 2164 SENSITIVAE
1224 2132 1322 2162 SINT
1344 2131 1593 2173 SUBJECTUM
1609 2130 1827 2160 VIRTUTIS.

440 2227 553 2272 (Schr.
577 2238 605 2271 q.
622 2237 673 2271 50.
696 2230 760 2259 art.
780 2236 807 2270 3.
827 2223 868 2258 ad
891 2236 918 2269 3.
942 2228 970 2257 ct
988 2235 1015 2268 3.
1039 2223 1126 2256 Disl.
1147 2233 1190 2267 33.
1211 2232 1240 2266 q.
1264 2232 1295 2255 2.
1313 2224 1378 2254 art.
1398 2230 1431 2264 4.
1454 2231 1484 2265 q.
1504 2230 1534 2254 2.
1557 2218 1599 2253 ad
1621 2218 1654 2254 6.

794 2283 821 2312 et
850 2278 936 2311 Veri.
955 2289 984 2322 q.
1008 2288 1034 2311 Ι.
1054 2281 1121 2310 art.
1137 2287 1164 2320 5.
1187 2274 1229 2308 ad
1250 2274 1302 2319 6.)

336 2371 395 2405 An
419 2379 598 2409 QUINTUM
621 2367 669 2401 sic
687 2366 903 2413 proceditur.
919 2365 1082 2407 Videtur,
1105 2364 1201 2411 quod
1223 2364 1259 2397 in
1282 2363 1414 2397 viribus
1437 2362 1615 2397 sensitivis
1638 2362 1834 2409 apprehen-

265 2425 348 2459 sivis
370 2423 518 2458 interius
541 2421 653 2468 possit
674 2432 751 2455 esse
775 2420 893 2466 aliqua
920 2419 1050 2453 virtus:
1075 2419 1252 2464 appetitus
1280 2417 1377 2451 enim
1404 2416 1594 2450 sensitivus
1617 2423 1736 2462 potest
1757 2426 1833 2449 esse

265 2479 466 2524 subjectum
495 2476 645 2515 virtutis,
673 2474 885 2519 inquantum
914 2472 1035 2506 obedit
1057 2471 1205 2505 rationi:
1230 2471 1291 2504 scd
1314 2470 1408 2504 vires
1427 2469 1617 2504 sensitivae
1640 2469 1835 2515 apprehen-

266 2533 362 2566 sivae
385 2530 532 2564 interius
556 2527 685 2562 rationi
708 2527 898 2561 obediunt:
923 2527 965 2560 ad
994 2525 1187 2571 imperium
1211 2525 1307 2558 enim
1335 2523 1482 2557 rationis
1505 2531 1674 2569 operatur
1695 2530 1729 2556 et
1750 2522 1836 2556 ima-

267 2584 437 2631 ginativa,
461 2591 495 2618 et
517 2581 723 2627 cogitativa,
747 2588 780 2614 et
797 2579 1054 2620 memorativa,
1077 2589 1163 2623 ergo
1186 2577 1222 2611 in
1245 2577 1299 2611 his
1321 2577 1455 2611 viribus
1477 2584 1596 2622 potest
1617 2586 1694 2610 esse
1712 2575 1835 2610 virtus.
1873 2581 1875 2584 ⁴

339 2649 370 2672 2.
399 2638 633 2671 PRAETEREA.
663 2634 764 2667 Sicut
793 2633 968 2679 appetitus
996 2631 1193 2672 rationalis,
1222 2631 1282 2676 qui
1315 2638 1368 2664 est
1393 2629 1572 2671 voluntas,
1599 2629 1635 2663 in
1661 2639 1727 2663 suo
1755 2637 1836 2663 actu

270 2700 387 2738 potest
409 2689 586 2736 impediri,
609 2687 667 2722 vel
683 2688 791 2721 etiam
815 2686 975 2729 adjuvari
996 2697 1057 2731 per
1074 2684 1270 2730 appetitum
1287 2683 1516 2724 sensitivum;
1538 2683 1586 2716 ita
1609 2682 1718 2716 ctiam
1738 2680 1838 2716 intel-

270 2746 396 2786 lectus,
419 2743 475 2778 vel
496 2743 585 2776 ratio
609 2748 726 2788 potest
748 2739 924 2785 impediri,
947 2738 1004 2772 vel
1027 2739 1135 2772 etiam
1159 2737 1272 2781 juvari
1300 2748 1361 2783 per
1383 2736 1476 2770 vires
1499 2735 1719 2782 praedictas;
1746 2735 1838 2769 sicut

272 2810 357 2843 ergo
370 2798 404 2831 in
416 2797 548 2830 viribus
560 2794 736 2829 sensitivis
749 2793 949 2839 appetitivis
961 2800 1076 2837 potest
1091 2802 1167 2825 esse
1182 2791 1305 2831 virtus,
1321 2790 1367 2824 ita
1383 2789 1492 2823 etiam
1507 2789 1543 2823 in
1558 2788 1836 2835 apprehensivis.

348 2863 374 2897 3.
398 2851 633 2885 Pura-rmum.
657 2847 849 2881 Prudentia
877 2854 929 2879 est
951 2845 1129 2891 quaedum
1149 2844 1271 2885 virtus,
1295 2844 1395 2887 cujus
1418 2851 1555 2889 partem
1576 2841 1678 2888 ponit
1696 2840 1837 2875 Tullius

275 2905 491 2943 memoriam
508 2903 542 2938 in
557 2914 620 2937 sua
640 2901 744 2936 Rhet.
761 2900 897 2945 (st-ilicet
919 2899 974 2932 lilu.
998 2910 1026 2932 2.
1043 2898 1079 2932 dc
1102 2898 1216 2932 lum-n.
1232 2897 1392 2942 aliquant.
1412 2901 1484 2930 unte
1493 2896 1598 2942 fin.);
1622 2906 1710 2941 ergo
1729 2895 1837 2930 ctiam
