1955 3182
325 169 376 210 82
740 182 962 218 QUAESTIO
996 184 1053 212 VI.
1086 184 1332 214 ARTICULUS
1365 186 1455 216 VIII.

392 262 438 297 Et
458 274 521 309 per
542 264 613 297 hoc
636 272 734 310 patet
748 264 936 310 responsio
950 276 1000 299 AD
1017 276 1192 311 oBJECTA.
1207 266 1302 301 Nam
1314 268 1431 314 prima
1446 267 1537 302 ratio
1553 268 1716 314 procedit
1730 269 1773 304 de
1793 270 1894 317 igno-

321 316 434 350 rantia
457 328 597 359 eorum,
612 329 704 363 quae
720 318 798 363 quis
812 326 953 352 tenetur
974 319 1084 353 scire:
1107 320 1247 354 secunda
1265 329 1386 355 autem
1405 321 1447 355 de
1462 321 1667 367 ignorantia
1690 322 1892 367 electionis,

320 382 411 416 quae
433 371 708 416 quodammodo
733 380 785 405 est
806 371 1021 415 voluntaria,
1040 381 1078 407 ut
1096 373 1233 408 dictum
1255 382 1307 408 est
1328 376 1379 419 (in
1401 381 1491 421 corp.
1511 377 1606 422 art.):
1629 378 1727 412 tertia
1747 388 1834 412 vero
1848 378 1892 414 de

319 424 534 470 ignorantia,
557 436 648 470 quae
672 426 963 461 concomitanter
980 437 1017 461 se
1039 427 1148 461 habet
1170 427 1214 462 ad
1236 427 1473 463 voluntatem.

855 695 1211 756 QUAESTIO
1253 697 1357 743 VII.

411 819 488 850 DE
527 819 1074 852 CIRCUMSTANTIIS
1114 821 1507 853 HUMANORUM
1545 822 1814 863 ACTUUM,

700 891 751 921 IN
778 890 1008 930 QUATUOR
1034 891 1297 924 ARTICULOS
1330 893 1505 936 DIVISA.

385 1020 526 1054 Deinde
549 1020 855 1054 considerandum
877 1028 931 1054 est
951 1020 994 1054 de
1017 1020 1298 1055 circumstantiis
1319 1020 1567 1056 humanorum
1586 1030 1746 1058 actuum.

778 1110 822 1144 Et
843 1110 933 1144 circa
955 1109 1013 1144 boc
1035 1114 1243 1155 quaeruntur
1269 1114 1422 1155 quatuor.

383 1181 520 1214 Primo.
542 1180 640 1221 Quid
663 1181 707 1214 sit
729 1180 1011 1215 circumstantia.

383 1234 565 1269 Secundo.
589 1235 720 1269 Utrum
739 1235 1033 1269 circumstantiae
1060 1235 1131 1269 sint
1158 1235 1253 1269 circa
1278 1235 1461 1270 humanos
1484 1244 1584 1270 actus
1607 1236 1847 1272 attendendae
1867 1249 1886 1272 a

316 1287 525 1334 Theologo.

384 1341 522 1376 Tertio.
548 1342 650 1383 Quot
671 1350 755 1376 sunt
776 1342 1080 1376 circumstantiae.

386 1395 540 1437 Quarto.
565 1395 671 1437 Quae
690 1404 772 1430 sunt
792 1396 829 1430 in
852 1397 902 1430 eis
924 1395 1208 1442 principaliores.

897 1526 1244 1572 ARTICULUS
1280 1527 1313 1570 1.
1837 1552 1882 1590 49

459 1637 612 1667 UTRUM
637 1636 997 1666 CIRCUMSTANTIA
1026 1636 1094 1665 SIT
1127 1636 1345 1666 ACCIDENS
1372 1635 1516 1666 ACTUS
1544 1636 1730 1668 HUMANI.

331 1732 434 1778 (Infr.
456 1736 520 1766 art.
539 1743 567 1778 3.
591 1738 679 1777 corp.
699 1737 729 1766 et
749 1743 778 1777 q.
801 1732 851 1766 13.
875 1736 939 1766 art.
959 1743 986 1777 3.
1010 1736 1039 1765 et
1058 1742 1090 1775 4.
1114 1731 1202 1766 Dist.
1225 1731 1277 1766 16.
1299 1743 1329 1776 q.
1348 1743 1376 1777 3.
1399 1736 1464 1766 art.
1478 1743 1506 1766 Ι.
1522 1743 1551 1777 q.
1571 1743 1599 1766 1.
1617 1737 1649 1767 et
1669 1733 1754 1767 Mal.
1773 1745 1803 1779 q.
1825 1745 1857 1768 2.

513 1791 576 1820 art.
598 1797 632 1830 4.
655 1785 696 1819 ad
710 1797 739 1831 5.
759 1790 788 1820 et
805 1790 868 1819 art.
887 1796 915 1831 5.
939 1786 973 1819 ‘in
996 1791 1084 1831 corp.
1104 1790 1173 1831 εἰς.
1192 1785 1268 1819 Eth.
1291 1785 1360 1819 lect.
1379 1796 1408 1831 5.
1430 1796 1512 1819 com.
1535 1797 1566 1820 2.
1584 1786 1674 1831 fin).

377 1883 437 1917 AD
460 1893 612 1917 PRIMUM
628 1882 677 1916 sic
700 1881 918 1927 proceditur.
939 1880 1101 1922 Videtur,
1129 1880 1227 1926 quod
1253 1879 1524 1914 circumstantia
1545 1891 1621 1914 non
1643 1880 1688 1915 sit
1710 1881 1879 1917 accidens

308 1944 408 1970 actus
431 1936 603 1970 humani:
627 1935 713 1969 dicit
743 1935 840 1969 enim
872 1933 1015 1969 Tullius
1044 1935 1082 1968 in
1111 1934 1318 1968 Rhetoricis
1341 1933 1436 1979 (quid
1463 1934 1569 1968 simile
1590 1934 1684 1969 habet
1711 1935 1767 1970 lib.
1794 1948 1822 1970 1.
1843 1936 1880 1971 da

303 1990 462 2034 suvant),
489 1989 585 2035 quod
609 1988 881 2023 circumstantia
908 1997 972 2031 est,
998 1999 1061 2034 per
1090 1999 1200 2034 quam
1229 1987 1537 2033 argumentationi
1565 1989 1830 2032 auctoritatem,
1845 1998 1880 2024 et

304 2043 575 2078 firmamentum
603 2043 765 2089 adjungit
787 2042 925 2085 orati03
948 2042 1010 2076 sed
1038 2042 1154 2076 oratio
1177 2042 1237 2076 dat
1256 2041 1531 2076 firmamentum
1558 2043 1877 2089 argumentationi,

303 2098 494 2143 praecipue
525 2098 566 2131 ab
598 2097 666 2139 his,
696 2108 787 2143 quae
818 2104 900 2130 sunt
927 2096 970 2130 de
1001 2096 1199 2130 substantia
1227 2096 1279 2130 rei
1303 2094 1364 2141 [al.
1387 2108 1469 2141 quae
1489 2098 1724 2143 suntsubjecta
1743 2098 1820 2143 rai],
1840 2107 1878 2133 ut

302 2150 476 2193 definitio,
499 2163 624 2197 genus,
648 2159 682 2185 et
703 2150 852 2196 species,
880 2158 914 2185 et
941 2150 1010 2183 alia
1037 2149 1260 2195 hujusmodi,
1288 2161 1307 2183 a
1338 2149 1466 2195 quibus
1500 2150 1611 2184 etiarn
1650 2149 1793 2186 Tullius
1827 2152 1877 2196 (in

309 2205 419 2251 Topic.
439 2205 481 2239 ad
506 2205 667 2249 Trebam),
692 2212 877 2238 oratorem
904 2204 1152 2250 argumentari
1173 2204 1299 2246 docet3
1322 2214 1409 2250 ergo
1432 2203 1704 2239 circumstantia
1725 2216 1800 2239 non
1823 2214 1877 2241 est

302 2259 470 2293 accidens
493 2259 644 2292 humani
667 2267 777 2292 actus.

372 2323 403 2346 2.
430 2313 668 2348 PRAETEREA.
695 2311 905 2346 Accidentis
927 2311 1111 2358 proprium
1135 2319 1188 2345 est
1213 2310 1351 2353 inesse3
1378 2310 1476 2357 quod
1503 2318 1626 2346 autem
1654 2311 1874 2355 circumstat,

299 2378 373 2401 non
407 2367 510 2410 inest,
538 2366 600 2401 sed
635 2366 752 2412 magis
785 2374 838 2400 est
867 2373 982 2407 extra3
1013 2376 1100 2411 ergo
1132 2365 1425 2399 circumstantiae
1454 2375 1530 2399 non
1558 2373 1642 2401 sunt
1672 2366 1875 2402 accidentia

298 2421 547 2455 humanorum
571 2428 729 2454 actuum.

372 2487 400 2521 3.
423 2475 660 2509 PRAETEREA.
688 2473 897 2508 Accidentis
919 2484 993 2507 non
1017 2481 1069 2507 est
1091 2472 1277 2515 accidens3
1304 2472 1366 2507 sed
1393 2472 1462 2519 ipsi
1487 2472 1639 2507 humani
1662 2482 1764 2509 actus
1791 2482 1874 2509 sunt

298 2528 477 2575 quaedam
500 2527 720 2569 accidentia3
742 2538 816 2563 non
839 2538 926 2573 ergo
949 2526 1243 2560 circumstantiae
1265 2534 1349 2560 sunt
1371 2525 1571 2560 accidentia
1593 2534 1752 2561 actuum.

370 2583 444 2617 SED
473 2593 638 2617 CONTRA.
667 2581 907 2615 Particulares
936 2581 1163 2615 conditiones
1187 2579 1377 2626 cujuslibet
1406 2580 1457 2614 rei
1483 2579 1674 2626 singularis
1703 2581 1870 2616 dicuntur

297 2637 497 2671 accidentia
527 2635 788 2670 individuantia
817 2635 951 2681 ipsam3
982 2634 1043 2668 sed
1080 2634 1326 2680 Philosophus
1352 2634 1389 2668 in
1419 2645 1447 2680 3.
1470 2633 1586 2668 Ethic.
1619 2633 1707 2681 (cap.
1738 2647 1766 2670 ι.
1797 2640 1871 2670 attic:

298 2691 394 2734 med.)
435 2689 725 2724 circumstantias
758 2689 925 2723 nominat
959 2689 1198 2735 particularia,
1240 2688 1331 2722 idest
1368 2687 1601 2734 particulares
1640 2688 1870 2734 singulorum

297 2753 444 2779 actuum
460 2744 708 2785 conditiones3
731 2754 818 2789 ergo
841 2742 1134 2776 circumstantiae
1150 2749 1232 2776 sunt
1248 2741 1448 2776 accidentia
1462 2741 1723 2776 individuantia
1745 2742 1872 2777 huma-

297 2810 429 2832 norum
453 2806 611 2832 actuum.

368 2851 597 2886 Resposmsso
621 2851 828 2892 dicendum,
847 2850 943 2896 quod
967 2849 1051 2896 quia
1072 2850 1221 2892 nomina,
1240 2848 1439 2883 secundum
1458 2848 1727 2895 Philosophum
1747 2849 1818 2894 (lib.
1841 2862 1867 2885 ι.

297 2905 478 2941 Pariherm.
491 2912 563 2952 cap.
579 2906 637 2952 1.),
652 2906 831 2951 suntsigna
846 2904 1078 2945 intellectuum,
1089 2914 1235 2938 necesse
1251 2911 1314 2945 est,
1329 2903 1426 2949 quod
1441 2902 1641 2938 secundum
1656 2914 1867 2949 processum
