1875 3198
200 180 282 222 668
622 187 843 229 QUAESTIO
877 194 996 223 XCIV.
1031 195 1275 224 ARTICULUS
1308 195 1335 225 1.

692 430 1050 491 QUAESTIO
1091 432 1273 480 XCIV.

383 559 446 589 DE
475 558 600 590 LEGE
627 559 887 599 NATURALI,
917 561 969 591 IN
995 560 1082 592 SEX
1108 556 1371 594 ARTICULOS
1398 562 1574 594 DIVISA.

268 698 410 733 Deinde
433 698 740 733 considerandum
763 707 817 734 est
838 699 881 734 de
904 699 985 746 lege
1007 700 1172 736 naturali.

706 788 751 823 Et
773 790 864 823 circa
886 789 943 824 boc
966 795 1173 835 quaeruntur
1192 802 1257 825 sex.

266 858 402 892 Primo.
429 858 527 899 Quid
550 859 594 893 sit
615 858 671 893 lex
698 860 883 894 naturalis.

267 911 449 946 Secundo.
475 911 581 952 Quae
604 912 674 947 sint
695 921 888 960 praecepta
909 913 999 960 legis
1021 915 1206 950 naturalis.

267 964 405 999 Tertio.
430 966 562 1000 Utrum
586 977 714 1001 omnes
737 975 837 1001 actus
859 967 1032 1002 virtutum
1055 969 1124 1003 sint
1151 970 1194 1003 de
1216 969 1297 1015 lege
1318 977 1478 1005 naturae.

268 1018 421 1059 Quarto.
446 1019 579 1054 Utrum
601 1019 659 1054 lex
680 1020 852 1055 naturalis
874 1021 919 1056 sit
939 1033 1011 1056 una
1033 1022 1127 1069 apud
1149 1034 1289 1057 onmes.

267 1072 419 1113 Quinto.
444 1073 576 1107 Utrum
599 1074 644 1108 sit
665 1074 859 1109 mutabilis.

265 1125 388 1162 Sexto.
412 1127 545 1161 Utrum
568 1129 682 1174 possit
704 1140 723 1163 a
746 1137 868 1163 mente
890 1129 1051 1164 hominis
1073 1130 1197 1166 deleri.

777 1294 1125 1340 ARTICULUS
1156 1296 1189 1339 Ι.
1696 1309 1765 1356 498

544 1404 698 1434 UTRUM
721 1405 805 1434 LEX
831 1405 1078 1434 NATURALIS
1107 1405 1176 1434 SIT
1203 1405 1406 1435 HABITUS.

260 1503 321 1539 AD
343 1514 494 1539 PRIMUM
518 1503 568 1538 sic
593 1504 810 1550 proceditur.
833 1504 998 1547 Videtur,
1021 1505 1118 1551 quod
1145 1504 1203 1539 lex
1224 1503 1398 1538 naturalis
1420 1503 1464 1538 sit
1489 1489 1646 1546 habitus,
1670 1503 1766 1550 quia,

190 1567 227 1592 ut
249 1558 388 1592 Philos.
411 1558 497 1592 dicit
519 1558 555 1591 in
578 1568 608 1592 2.
632 1558 793 1592 Ethicor.
818 1559 907 1604 (cap.
927 1570 956 1604 5.
979 1559 1013 1592 *in
1028 1559 1173 1605 princ),
1193 1557 1260 1592 tria
1282 1565 1365 1592 sunt
1382 1558 1418 1591 in
1434 1558 1573 1600 anima3
1592 1557 1766 1604 potentia,

188 1611 344 1654 habitus,
367 1620 401 1646 et
422 1612 559 1658 passio:
583 1611 645 1646 sed
668 1611 841 1646 naturalis
863 1611 920 1646 lex
940 1623 1014 1645 non
1038 1620 1092 1646 est
1113 1610 1236 1658 aliqua
1255 1611 1502 1657 potentiarum
1524 1613 1679 1654 animae,
1697 1622 1766 1646 nec

190 1665 310 1711 aliqua
337 1667 560 1711 passionum,
583 1673 622 1699 ut
648 1673 746 1711 patet
772 1666 1021 1699 enumerando
1049 1677 1113 1711 per
1134 1665 1296 1711 singula;
1320 1676 1407 1711 ergo
1434 1664 1493 1700 lex
1519 1665 1692 1699 naturalis
1714 1673 1767 1700 est

189 1718 344 1753 habitus.

262 1783 293 1806 2.
316 1773 555 1807 PRAETEREA.
572 1772 726 1807 Basilius
746 1772 833 1807 dicit
851 1772 919 1817 (hic
929 1778 995 1819 pro
1013 1772 1115 1807 Basil.
1139 1772 1288 1807 citandus
1305 1777 1350 1807 est
1366 1773 1528 1807 Damaso.
1544 1772 1601 1807 lib.
1615 1783 1649 1817 4.
1668 1773 1765 1808 Orth.

189 1825 264 1860 Fid.
289 1832 361 1872 cap.
384 1838 432 1873 23.
455 1831 490 1860 ut
511 1831 539 1861 et
555 1831 646 1873 part.
674 1838 704 1872 q.
727 1837 781 1872 79.
804 1831 868 1860 art.
884 1827 959 1872 13),
979 1825 1077 1872 quod
1100 1827 1309 1868 conscientia,
1325 1825 1401 1860 sive
1423 1825 1638 1872 synderesis,
1656 1831 1700 1861 est
1717 1826 1768 1861 lex

188 1880 366 1915 intellectus
381 1881 507 1915 nostri:
528 1880 625 1926 quod
641 1891 716 1914 non
734 1887 854 1926 potest
872 1879 1027 1925 intelligi
1041 1879 1110 1914 nisi
1129 1879 1172 1913 de
1191 1879 1272 1926 lege
1291 1878 1465 1914 naturali:
1485 1879 1548 1914 sed
1562 1879 1767 1926 synderesis

189 1941 243 1968 est
263 1933 408 1968 habitus
430 1933 591 1980 quidam,
614 1941 652 1967 ut
673 1933 709 1967 in
737 1944 764 1967 1.
783 1933 951 1967 habitum
974 1940 1027 1968 est
1047 1933 1093 1979 (q.
1117 1944 1171 1979 79.
1195 1938 1260 1969 art.
1288 1933 1379 1978 12.)‚·
1404 1944 1492 1979 ergo
1514 1932 1572 1967 lex
1593 1932 1767 1968 naturalis

189 1995 243 2022 est
263 1988 418 2022 habitus.

264 2053 293 2087 3.
316 2041 553 2076 PRAETEREA.
579 2041 653 2075 Lex
680 2040 853 2075 naturalis
882 2052 1026 2086 semper
1053 2041 1089 2074 in
1115 2040 1269 2074 homine
1291 2048 1426 2084 manet,
1453 2048 1492 2074 ut
1517 2039 1608 2074 infra
1633 2040 1768 2087 patebit

189 2095 319 2140 (c11·t.5.
348 2095 416 2140 huj.
445 2096 514 2141 q.):
539 2094 601 2129 sed
628 2106 703 2128 non
733 2106 878 2141 semper
905 2094 997 2128 ratio
1024 2093 1198 2136 hominis,
1226 2093 1270 2127 ad
1296 2105 1406 2140 quam
1433 2093 1490 2128 lex
1515 2094 1682 2140 pertinet,
1711 2105 1769 2128 co·

190 2149 280 2194 gitat
301 2148 344 2182 de
366 2148 522 2182 naturali
545 2148 643 2194 lege,
667 2160 755 2194 ergo
778 2148 835 2183 lex
857 2148 1030 2182 naturalis
1052 2159 1127 2182 non
1150 2155 1204 2182 est
1226 2156 1338 2190 actus,
1361 2149 1423 2182 sed
1444 2147 1599 2182 habitus.

262 2202 338 2237 SED
354 2213 510 2237 CONTRA
534 2210 598 2243 est,
621 2202 719 2248 quod
736 2202 963 2247 Augustinus
979 2202 1065 2235 dicit
1083 2202 1119 2235 in
1134 2200 1192 2236 lib.
1210 2201 1253 2235 de
1270 2201 1374 2235 Bono
1395 2200 1594 2248 Conjugali
1609 2201 1700 2248 (cap.
1715 2213 1766 2237 12.

189 2257 367 2303 aprina),
392 2256 488 2301 quod
511 2255 655 2289 habitus
679 2263 742 2297 est,
766 2267 838 2301 quo
862 2255 997 2301 aliquid
1020 2255 1148 2301 agitur,
1177 2266 1261 2289 cum
1289 2266 1380 2302 opus
1407 2263 1476 2290 est:
1505 2255 1567 2290 sed
1593 2254 1767 2290 naturalis

189 2309 247 2344 lex
268 2320 343 2343 non
366 2317 418 2343 est
440 2309 671 2355 hujusmodi:
695 2317 748 2343 est
771 2309 868 2343 enim
891 2309 926 2342 in
949 2308 1119 2355 parvulis,
1143 2316 1177 2343 et
1199 2308 1392 2351 damnatis,
1407 2310 1468 2355 qui
1483 2320 1547 2355 per
1561 2320 1643 2343 eam
1659 2320 1767 2355 agere

190 2374 265 2397 non
287 2370 458 2409 possunt3
482 2373 569 2408 ergo
592 2362 648 2396 lex
670 2362 844 2397 naturalis
867 2374 941 2396 non
965 2371 1018 2396 est
1039 2363 1194 2397 habitus.

262 2417 493 2451 RESPONDEO
516 2416 724 2458 dicendum,
744 2416 840 2462 quod
865 2416 999 2462 aliquid
1014 2424 1134 2463 potest
1148 2416 1218 2449 dici
1233 2427 1311 2450 esse
1326 2415 1470 2450 habitus
1485 2415 1671 2462 dupliciter.
1694 2416 1767 2450 Uno

190 2470 285 2505 modo
309 2470 466 2516 proprie,
490 2477 526 2504 et
547 2469 805 2504 essentialiter:
830 2478 864 2504 et
891 2470 940 2503 sic
969 2469 1025 2504 lex
1053 2469 1228 2505 naturalis
1255 2480 1329 2503 non
1357 2477 1411 2504 est
1435 2469 1590 2504 habitus.
1616 2469 1766 2504 Dictum

191 2532 245 2558 est
266 2524 363 2558 enirn
386 2535 494 2570 supra
522 2523 567 2569 (q.
596 2535 651 2569 90.
680 2528 745 2558 art.
772 2536 799 2558 Ι.
829 2523 871 2557 ad
898 2524 960 2568 2.),
985 2523 1082 2569 quod
1104 2522 1162 2557 lex
1184 2522 1358 2557 naturalis
1380 2531 1434 2558 est
1463 2522 1598 2569 aliquid
1628 2534 1691 2569 per
1717 2533 1769 2556 ra-

190 2577 329 2612 tionem
354 2577 611 2612 constitutum:
635 2577 728 2611 sicut
750 2576 859 2610 etiam
883 2577 1085 2623 propositio
1109 2584 1161 2611 est
1184 2576 1370 2623 quoddam
1393 2587 1483 2622 opus
1505 2576 1673 2611 rationis:
1693 2587 1766 2610 non

189 2639 245 2666 est
266 2639 389 2666 autem
412 2631 522 2673 idem,
542 2631 639 2677 quod
663 2631 741 2676 quis
765 2631 850 2676 agit,
874 2638 909 2664 et
931 2642 1003 2676 quo
1027 2631 1105 2677 quis
1128 2630 1213 2676 agit,
1236 2630 1366 2676 aliquis
1393 2630 1490 2664 enim
1516 2641 1581 2676 per
1603 2629 1766 2664 habiturn

188 2685 454 2731 grammaticae
474 2684 548 2731 agit
570 2684 776 2718 orationem
793 2695 1013 2729 congruam:
1036 2695 1119 2718 cum
1138 2684 1247 2730 igitur
1265 2683 1409 2718 habitus
1425 2683 1481 2726 sit,
1496 2694 1568 2730 quo
1584 2683 1662 2730 quis
1682 2683 1767 2730 agit.
1803 2722 1806 2734 Ι

189 2750 265 2773 non
288 2746 406 2785 potest
428 2750 517 2780 esse,
541 2739 638 2784 quod
654 2738 711 2772 lex
727 2737 846 2784 aliqua
866 2738 910 2771 sit
925 2738 1068 2772 habitus
1084 2738 1240 2784 proprie,
1261 2745 1296 2772 et
1314 2737 1562 2772 essentialiter.
1578 2737 1656 2772 Alio
1671 2736 1766 2771 modo

191 2800 311 2838 potest
337 2792 408 2826 dici
434 2792 578 2826 habitus
600 2792 647 2834 id,
671 2791 767 2838 quod
796 2792 920 2825 habitu
943 2799 1100 2825 tenetur:
1124 2791 1217 2826 sicut
1243 2791 1373 2826 dicitur
1395 2790 1483 2826 fides
1504 2791 1551 2833 id,
1573 2791 1671 2837 quod
1697 2789 1766 2824 fide

190 2854 348 2880 tenetur:
374 2854 408 2880 et
429 2846 500 2880 hoc
517 2845 643 2887 modo,
656 2845 739 2891 quia
754 2853 947 2891 praecepta
964 2844 1054 2891 legis
1069 2844 1242 2879 naturalis
1257 2845 1475 2891 quandoque
1491 2843 1767 2879 considerantur

192 2900 228 2933 in
252 2908 333 2934 actu
355 2911 374 2933 a
390 2900 542 2941 ratione,
559 2899 777 2946 quandoque
790 2907 912 2933 autem
931 2906 1014 2932 sunt
1030 2898 1063 2932 in
1085 2910 1125 2932 ea
1144 2897 1376 2933 habitualiter
1393 2906 1547 2940 tantum,
1565 2897 1764 2933 secundum
