1875 3198
200 188 285 241 694
610 199 828 234 QUAEsTio
862 199 993 228 xcvn.
1028 199 1273 229 ARTICULUS
1306 200 1363 229 iv.

754 328 1099 372 ARTICULUS
1136 330 1211 372 IV.
1704 353 1767 388 517

228 424 380 453 UTRUM
414 423 640 453 RECTORES
675 424 995 454 MULTITUDINIS
1030 424 1212 454 POSSINT
1246 425 1289 454 IN
1324 425 1504 454 LEGIBUS
1539 425 1734 456 HUMANIS

849 490 1126 519 DISPENSARE.

508 570 622 617 (Schr.
651 583 680 616 q.
704 572 760 616 96.
784 577 847 605 art.
872 572 904 606 6.
927 577 954 606 ct
976 572 1057 617 infr.
1081 584 1110 617 q.
1135 584 1210 607 loo.
1233 577 1296 606 art.
1319 573 1350 607 8.
1374 579 1463 618 corp.

195 629 223 658 ct
237 636 306 659 2-2.
323 636 352 670 q.
373 625 427 659 88.
451 629 514 659 art.
538 637 588 659 [o.
608 630 696 670 corp.
720 630 747 659 et
765 625 807 658 ad
825 637 855 660 2.
875 631 903 660 et
922 638 949 671 q.
966 627 1021 671 89.
1045 631 1108 660 art.
1131 638 1162 671 9.
1186 631 1215 660 et
1236 638 1265 671 q.
1288 637 1359 672 147.
1380 631 1443 660 art.
1466 636 1499 670 4.
1522 631 1610 671 corp.
1630 630 1659 660 et
1679 625 1721 660 ad
1741 638 1768 660 l.

262 683 290 712 et
308 691 335 723 3.
361 679 445 712 Dist.
464 689 512 724 37.
532 683 594 712 art.
614 689 646 723 4.
666 683 694 712 et
711 689 744 722 4.
764 679 851 713 Dist.
872 691 914 724 15.
935 691 963 724 q.
980 691 1007 725 3.
1027 685 1092 713 art.
1111 691 1142 713 2.
1162 684 1191 714 at
1209 680 1298 714 Dist.
1318 690 1370 725 27.
1390 691 1419 725 q.
1436 691 1463 725 3.
1483 684 1547 713 art.
1563 691 1591 726 3.
1614 678 1656 713 ad
1676 690 1709 724 4.

667 737 695 766 et
716 732 772 766 lib.
792 745 819 778 3.
845 733 962 767 Contr.
982 744 1012 778 g.
1035 739 1106 779 cap.
1128 733 1301 779 125.fin.).

267 815 325 848 AD
346 824 533 853 QUARTUM
553 815 603 848 sic
626 815 843 860 proceditur.
865 815 1026 858 Videtur,
1046 815 1142 861 quod
1162 824 1321 850 rectores
1341 815 1580 850 multitudinis
1598 826 1672 849 non
1690 826 1770 862 pos-

194 869 263 902 sint
285 869 321 902 in
344 868 482 913 legibus
506 868 675 902 humanis
699 869 923 915 dispensare:
952 868 1010 903 lex
1033 869 1131 903 enim
1154 877 1284 903 statuta
1308 877 1361 903 est
1382 880 1446 915 pro
1470 870 1658 903 communi
1679 868 1770 903 utili-

193 928 278 962 tate,
301 929 339 955 ut
360 921 518 955 Isidorus
542 922 627 956 dicit
650 922 722 966 (lib.
738 934 766 968 5.
787 923 897 968 Etym.
917 928 987 969 cap.
1006 923 1094 966 21.).·
1118 922 1179 956 sed
1199 933 1396 956 commune
1414 922 1552 956 bonum
1571 933 1646 956 non
1664 921 1770 956 debet

193 974 381 1008 intermitti
396 986 459 1020 pro
476 975 615 1021 privato
633 975 832 1009 commodo
850 975 1000 1021 alicujus
1020 987 1196 1021 personae
1213 989 1220 1017 3
1240 976 1335 1021 quia,
1357 983 1395 1010 ut
1416 975 1502 1010 dicit
1523 975 1768 1022 Philosophus

193 1028 228 1060 in
251 1028 369 1073 primo
397 1028 557 1062 Ethicor.
586 1030 675 1076 (cap.
703 1031 764 1075 2.)‚
793 1029 931 1063 bonum
959 1030 1075 1075 gentis
1103 1029 1257 1063 divinius
1285 1037 1349 1071 est,
1372 1041 1481 1076 quam
1503 1030 1642 1063 bonum
1663 1028 1768 1063 unius

192 1081 372 1123 hominis,
401 1093 488 1128 ergo
515 1082 668 1124 videtur,
696 1083 792 1129 quod
820 1094 894 1117 non
922 1083 1050 1117 debeat
1077 1083 1275 1129 dispensari
1302 1094 1385 1116 cum
1414 1082 1546 1129 aliquo,
1573 1090 1611 1116 ut
1644 1089 1769 1116 contra

192 1134 313 1181 legem
336 1146 574 1170 communem
598 1144 691 1182 agat.

264 1199 295 1222 2.
319 1189 556 1224 PRAETEREA.
577 1189 662 1232 Illis,
686 1190 747 1236 qui
769 1201 875 1236 super
899 1190 989 1224 alios
1009 1190 1287 1231 constituuntur,
1310 1190 1525 1236 praecipitur
1547 1189 1693 1224 Deuter.
1721 1200 1768 1224 1.:

191 1242 410 1288 Ilchtzrvnm
437 1243 584 1284 audictis,
613 1249 647 1278 nt
668 1256 723 1278 ma
750 1256 851 1284 num,
880 1257 937 1278 nec
964 1245 1130 1291 accipietis
1161 1246 1356 1289 cujusquam
1377 1250 1567 1290 personam,
1594 1245 1674 1289 quia
1702 1244 1770 1278 Dei

186 1295 355 1341 judicium
381 1302 442 1331 cst:
472 1297 534 1331 sed
563 1298 764 1331 concedere
792 1297 910 1340 alicui,
945 1299 1041 1344 quod
1078 1297 1323 1331 communiter
1357 1297 1555 1343 denegatur
1588 1297 1767 1338 omnibus,

191 1349 332 1383 videtur
355 1361 432 1384 esse
456 1351 621 1397 acceptio
644 1363 903 1397 personarum,
928 1362 1014 1397 ergo
1036 1351 1249 1397 hujusmodi
1270 1351 1557 1397 dispensationes
1578 1351 1697 1385 facere
1719 1361 1770 1384 re-

193 1410 310 1437 ctores
333 1404 573 1438 multitudinis
588 1416 661 1438 non
677 1413 838 1450 possunt,
855 1416 938 1438 cum
953 1405 1024 1439 hoc
1045 1405 1089 1439 sit
1108 1413 1234 1439 contra
1252 1413 1486 1451 praeceptum
1505 1404 1594 1451 legis
1614 1404 1766 1438 divinae.

267 1468 295 1502 3.
319 1457 556 1492 PRAETEREA.
581 1458 655 1492 Lex
678 1459 851 1500 humanu,
875 1459 903 1492 si
925 1459 970 1492 sit
991 1466 1100 1500 recta,
1123 1466 1267 1504 oportet
1294 1459 1390 1504 quod
1418 1466 1596 1492 consonet
1616 1457 1689 1503 legi
1709 1470 1768 1492 na-

191 1509 308 1552 turali,
332 1519 366 1544 et
388 1511 459 1557 legi
482 1512 644 1546 divinae:
675 1512 777 1546 aliter
803 1512 900 1546 enim
928 1524 1002 1546 non
1026 1520 1244 1558 congrueret
1265 1511 1443 1557 religioni,
1467 1524 1534 1546 nec
1558 1512 1767 1546 conveniret

190 1563 419 1610 disciplinae3
443 1565 540 1611 quod
564 1566 755 1611 requiritur
775 1566 817 1599 ad
837 1565 970 1611 legem,
990 1574 1028 1600 ut
1045 1566 1126 1600 Isid.
1147 1565 1233 1599 dicit
1253 1566 1327 1610 (lib.
1345 1577 1374 1612 5.
1394 1566 1503 1611 Etym.
1526 1573 1596 1612 cap.
1615 1566 1682 1611 I.):
1705 1567 1767 1600 sed

189 1617 225 1650 in
248 1617 328 1662 lege
350 1619 517 1661 naturali,
540 1627 573 1653 et
595 1619 716 1653 divina
738 1619 859 1653 nullus
881 1620 995 1653 homo
1019 1627 1137 1666 potest
1158 1619 1387 1665 dispensare3
1410 1630 1497 1665 ergo
1516 1631 1583 1653 nec
1603 1619 1713 1653 etiam
1730 1619 1767 1653 in

190 1670 270 1717 lege
293 1671 465 1706 humana.

262 1724 337 1759 SED
353 1736 509 1760 CONTRA
525 1734 588 1768 est,
606 1726 702 1772 quod
719 1727 804 1761 dicit
818 1727 946 1773 Apost.
968 1738 994 1761 1.
1011 1727 1053 1760 ad
1070 1726 1156 1761 Cor.
1172 1738 1224 1773 9.;
1249 1727 1461 1773 Dispensatio
1478 1726 1562 1760 mihi
1575 1725 1699 1761 cred-ita
1711 1733 1766 1762 est.

260 1778 491 1814 RESPONDEo
520 1780 726 1822 dicendum,
753 1781 850 1826 quod
878 1781 1099 1827 dispensatio
1126 1780 1270 1826 proprie
1297 1781 1470 1827 importat
1500 1791 1767 1815 commensura-

187 1832 327 1866 tionem
350 1832 500 1878 alicujus
521 1834 728 1868 communis
747 1835 790 1868 ad
809 1834 969 1880 singula,
985 1834 1079 1868 unde
1095 1834 1204 1868 etiam
1224 1834 1444 1880 gubernator
1460 1833 1620 1869 familiae
1639 1834 1767 1869 dicitur

188 1886 402 1932 dispensator,
424 1886 640 1933 inquantum
663 1888 858 1934 unicuique
878 1888 921 1922 de
943 1887 1082 1921 familia
1105 1899 1189 1922 curn
1212 1887 1384 1934 pondere,
1407 1895 1442 1922 et
1464 1899 1634 1922 mensura
1656 1888 1768 1923 distri-

189 1940 264 1974 buit
287 1948 320 1974 et
343 1942 586 1986 operationes,
614 1950 648 1976 et
674 1943 879 1976 necessaria
906 1943 1017 1984 vitae3
1045 1942 1094 1976 sic
1117 1942 1226 1987 igitur
1247 1950 1282 1975 et
1304 1943 1338 1975 in
1360 1953 1589 1988 quacumque
1611 1942 1768 1976 multitu-

187 1995 269 2028 dine
292 2006 334 2029 ex
357 2006 401 2029 eo
424 1995 555 2030 dicitur
580 1995 708 2042 aliquis
732 1997 952 2043 dispensare,
969 1997 1051 2042 quia
1072 1996 1215 2030 ordinat
1233 1995 1385 2042 qualiter
1403 1995 1549 2042 aliquod
1568 2007 1766 2030 commune

187 2057 422 2095 praeceptum
450 2050 494 2084 sit
523 2061 541 2083 a
569 2050 719 2096 singulis
748 2050 1032 2096 adimplendum.
1062 2049 1254 2096 Contingit
1275 2057 1395 2084 autem
1418 2049 1647 2097 quandoque,
1669 2050 1765 2096 quod

188 2102 335 2148 aliquod
362 2111 609 2150 praeceptum,
638 2104 735 2150 quod
764 2112 818 2138 est
845 2104 888 2138 ad
917 2104 1158 2138 commodum
1185 2103 1424 2138 multitudinis
1453 2111 1492 2138 ut
1525 2104 1560 2137 in
1594 2103 1765 2150 pluribus,

188 2167 263 2190 non
288 2163 341 2190 est
363 2157 584 2192 conveniens
613 2158 698 2192 huic
726 2169 915 2204 personae,
937 2157 995 2192 vel
1018 2159 1053 2191 in
1075 2158 1146 2192 hoc
1170 2169 1274 2191 casu:
1297 2157 1380 2203 quia
1402 2156 1460 2191 vel
1481 2168 1544 2204 per
1563 2157 1635 2191 hoc
1656 2157 1767 2204 impe-

188 2209 322 2244 diretur
344 2209 478 2256 aliquid
502 2210 643 2254 melius,
666 2211 724 2246 vel
747 2212 857 2246 etiam
879 2211 1110 2246 induceretur
1128 2211 1276 2257 aliquod
1298 2211 1449 2254 malum,
1471 2211 1563 2246 sicut
1584 2223 1627 2246 ex
1647 2223 1766 2258 supra-

187 2263 290 2297 dictis
310 2271 408 2309 patet
431 2264 476 2310 (q.
496 2265 552 2310 96.
573 2271 637 2300 art.
658 2266 706 2311 6.)
720 2279 728 2299 :
749 2264 995 2311 periculosum
1016 2273 1136 2299 autem
1156 2273 1260 2307 esset,
1280 2273 1318 2299 ut
1335 2265 1406 2299 hoc
1422 2265 1556 2311 judicio
1576 2265 1765 2311 cujuslibet

191 2318 491 2360 committeretur,
525 2318 594 2353 nisi
627 2318 719 2353 forte
749 2327 895 2365 propter
923 2319 1082 2360 evidens,
1114 2327 1148 2354 et
1177 2319 1335 2353 subitum
1363 2318 1577 2366 periculum,
1599 2327 1638 2353 ut
1658 2331 1764 2366 supra

188 2371 325 2410 dictum
340 2380 394 2406 est
412 2372 546 2416 (iliid.);
565 2379 598 2406 et
612 2372 694 2406 ideo
711 2372 770 2406 ille
788 2373 846 2418 qui
862 2373 971 2407 habet
985 2384 1111 2418 regere
1127 2372 1408 2415 multitudinem,
1423 2373 1533 2407 habet
1546 2381 1763 2419 potestatem

188 2424 418 2470 dispensandi
441 2426 476 2459 in
499 2425 579 2471 lege
602 2425 774 2467 humana,
798 2438 889 2472 quae
912 2438 997 2461 suae
1021 2427 1225 2461 auctoritati
1245 2427 1407 2460 innititur
1424 2434 1463 2461 ut
1481 2426 1620 2461 scilicet
1636 2427 1671 2461 in
1690 2439 1766 2474 per—

187 2479 297 2520 sonis,
324 2479 381 2513 vel
409 2479 444 2513 in
473 2480 625 2521 casibus,
654 2480 688 2513 in
716 2480 843 2525 quibus
871 2480 927 2514 lex
956 2480 1087 2522 deficit,
1109 2480 1296 2515 licentiam
1317 2481 1451 2515 tribuat
1472 2488 1510 2515 ut
1531 2489 1763 2528 praeceptum

187 2532 277 2577 legis
299 2544 372 2566 non
396 2542 566 2568 servetur.
588 2534 625 2567 Si
646 2541 767 2567 autem
788 2534 921 2579 absque
941 2534 1008 2568 hac
1029 2535 1168 2568 ratione
1190 2545 1255 2580 pro
1270 2533 1349 2569 sola
1372 2534 1557 2569 voluntate
1579 2534 1763 2569 licentiam

187 2586 329 2628 tribuat,
349 2598 423 2620 non
443 2587 508 2621 erit
527 2587 642 2621 fidelis
660 2587 696 2620 in
716 2587 996 2632 dispensatione,
1014 2596 1072 2622 aut
1096 2588 1161 2622 erit
1183 2588 1410 2634 imprudens;
1431 2587 1586 2623 infidelis
1605 2588 1763 2635 quidem,

187 2640 216 2674 si
234 2651 308 2674 non
328 2640 436 2674 habet
455 2641 693 2675 intentionem
711 2641 753 2674 ad
768 2641 904 2674 bonum
926 2653 1141 2683 commune3
1160 2642 1369 2688 imprudens
1385 2650 1517 2684 autem,
1537 2642 1566 2676 si
1583 2642 1761 2677 rationem

188 2693 418 2739 dispensandi
442 2695 594 2739 ignoret,
622 2702 767 2741 propter
793 2695 889 2741 quod
918 2695 1099 2729 Dominus
1127 2695 1212 2729 dicit
1239 2695 1327 2730 Luc.
1359 2706 1433 2731 12.:
1463 2696 1558 2740 Quis,
1579 2701 1690 2743 putas,
1722 2702 1763 2731 est

187 2747 289 2790 fidelis
310 2748 521 2795 ιῖίςρωιςιιίον,
545 2754 574 2783 ct
591 2748 746 2796 prudens,
770 2760 865 2794 qm’m.
883 2750 1047 2783 roumilli!
1067 2750 1232 2783 Dominus
1250 2755 1344 2796 super
1358 2750 1532 2795 familiam
1549 2751 1667 2785 suam?

260 2801 319 2835 An
335 2812 482 2837 PRIMUM
503 2814 590 2847 ergo
606 2802 811 2843 dicendum,
827 2803 922 2848 quod
939 2802 1084 2848 quando
1102 2814 1183 2836 cum
1201 2802 1322 2849 aliquo
1338 2803 1573 2849 dispensatur,
1589 2811 1628 2837 ut
1641 2803 1760 2849 legem

190 2866 425 2889 communem
449 2868 521 2890 non
544 2864 671 2898 servet,
694 2868 767 2890 non
791 2856 895 2890 debet
918 2855 991 2890 lieri
1014 2856 1048 2890 iu
1066 2857 1326 2902 praejudicium
1350 2857 1435 2891 boni
1458 2856 1675 2900 communis,
1698 2857 1759 2894 scd

190 2921 230 2943 ea
253 2909 465 2951 intentione,
489 2918 525 2944 ut
548 2910 590 2944 ad
614 2911 750 2945 bouum
775 2921 971 2944 commune
995 2910 1167 2957 proficiat.
