1907 3198
461 206 686 244 Quas-rto
719 206 840 237 cx111.
875 205 1120 238 Ani-mutus
1153 205 1213 237 111.
1538 196 1619 251 865

56 289 156 327 aliud
182 289 477 332 Sacramentum,
504 289 573 325 nisi
601 289 699 337 prius
726 289 893 324 habuerit
920 288 1200 323 Sacramentum
1227 288 1263 323 in
1292 288 1498 335 proposito;
1526 290 1623 336 quod

55 344 134 381 sine
154 354 221 379 usu
242 342 345 378 liberi
366 343 502 378 arbitrii
522 354 597 377 non
620 342 814 388 contingit:
838 351 872 377 et
890 342 961 376 hoc
985 342 1098 376 modo
1121 341 1191 384 ille,
1214 341 1258 376 de
1279 353 1351 388 quo
1372 342 1531 389 loquitur
1551 343 1625 377 Au-

55 397 233 446 gustinus,
253 405 399 433 renatus
419 396 503 440 fuit;
524 397 607 444 quia
629 405 664 432 et
685 396 794 444 prius,
816 404 851 431 ct
872 404 998 443 postea
1021 396 1247 443 Baptismum
1270 398 1481 442 acceptavit.

126 451 188 488 AD
208 461 416 487 SECUNDUM
439 450 646 492 dicendum,
669 449 766 497 quod
792 449 902 484 etiam
932 449 1111 484 Salomon
1146 449 1364 484 dormiendo
1391 461 1465 484 non
1494 450 1625 485 meruit

54 503 284 553 sapientiam,
304 514 371 539 nec
394 504 551 551 accepit;
574 503 635 538 sed
658 503 693 538 in
715 514 848 538 somno
870 503 1094 538 declaratum
1114 511 1168 538 est
1187 503 1231 544 ci,
1246 503 1344 549 quod
1363 512 1508 550 propter
1528 516 1627 550 prae-

55 557 188 595 cedens
209 556 429 593 desiderium
450 557 484 592 ei
505 569 525 592 a
547 557 629 592 Deo
650 556 826 603 sapientia
848 555 1112 598 infunderetur,
1135 556 1229 591 unde
1249 568 1290 590 ex
1309 557 1385 602 ejus
1405 568 1559 603 personat
1578 557 1626 591 di-

56 610 147 648 citur
167 609 255 657 Sap.
272 621 322 657 7.:
343 610 484 658 Optavi,
500 615 530 646 ct
547 610 641 645 datus
657 615 702 646 est
720 610 802 644 mihi
818 622 935 645 sensus.
955 609 1022 644 Vel
1042 617 1160 656 potest
1178 609 1259 651 dici,
1278 610 1375 656 quod
1396 610 1454 645 ille
1474 622 1625 645 somnus

55 675 131 702 non
151 662 220 700 fuit
237 663 423 706 naturalis,
444 664 506 699 sed
528 674 679 699 somnus
700 663 925 711 prophetiae,
947 664 1147 698 secundum
1166 663 1263 710 quod
1282 663 1410 698 dicitur
1428 663 1538 698 Num.
1561 674 1625 699 12.:

55 718 94 755 Si
112 718 186 766 quis
204 717 307 762 fucrit
327 718 412 753 inter
433 728 490 752 vos
511 717 674 764 Propheta
696 718 852 759 Domini,
871 718 904 752 in
921 718 1048 751 visione
1071 718 1236 764 apparebo
1254 719 1283 751 ei
1288 744 1297 760 ,
1314 717 1367 752 vel
1383 724 1445 764 per
1460 718 1624 752 somnium

0 774 2 804 fl
56 771 176 819 loquar
192 770 236 807 ad
251 770 367 807 illum:
388 770 426 806 in
444 781 517 818 quo
536 781 622 806 casu
638 770 766 817 aliquis
782 782 886 806 usum
905 770 1008 805 liberi
1026 770 1159 805 arbitrii
1179 770 1299 806 habet.
1317 770 1360 806 Et
1377 779 1499 806 tamen
1515 771 1626 806 scien-

0 821 3 879 ὲ
55 824 145 861 dum
165 832 231 868 est,
247 823 346 872 quod
366 835 441 860 non
463 832 518 859 est
539 823 668 859 eadem
688 825 782 859 ratio
809 824 853 859 de
882 824 980 859 dono
1009 824 1218 871 sapientiae,
1240 832 1275 859 et
1296 824 1339 859 de
1361 824 1460 859 dono
1489 825 1625 870 gratiae

55 877 298 926 justificantis:
318 889 406 913 nam
426 877 565 913 donum
587 877 726 924 gratiae
747 877 973 924 justificantis
995 879 1187 924 praecipue
1209 877 1352 912 ordinat
1373 878 1561 913 hominem
1580 878 1624 913 ad

0 943 1 946 ¹
55 931 207 975 bonum,
222 930 321 979 quod
341 938 396 967 est
415 930 600 978 objectum
622 930 835 974 voluntatis3
857 939 893 966 et
914 931 996 966 ideo
1019 931 1063 966 ad
1085 931 1204 978 ipsum
1226 939 1394 966 movetur
1421 931 1536 966 homo
1563 943 1626 978 per

0 998 3 1038 s
56 992 199 1022 motum
220 984 430 1029 voluntatis,
450 984 512 1031 qui
533 992 587 1020 est
608 992 730 1020 motus
757 983 859 1020 liberi
887 984 1037 1020 arbitrii:
1065 984 1128 1019 sed
1156 984 1332 1032 sapientia
1361 984 1499 1031 perficit
1527 984 1626 1020 intel-

0 1852 11 2401 —vvv———v--v—-q-

54 1038 205 1083 lectum,
224 1038 287 1087 qui
306 1037 491 1086 praecedit
510 1037 755 1081 voluntatem;
778 1038 871 1074 unde
894 1038 1028 1085 absque
1043 1037 1229 1085 completo
1249 1046 1351 1073 motu
1370 1038 1470 1073 liberi
1491 1037 1626 1073 arbitrii

56 1100 176 1142 potest
193 1091 399 1128 intellectus
419 1091 518 1127 dono
539 1091 736 1139 sapientiae
766 1091 983 1127 illuminari:
1011 1092 1105 1126 sicut
1132 1091 1242 1127 etiam
1270 1091 1447 1134 videmus,
1469 1091 1566 1138 quod
1588 1091 1624 1126 in

56 1145 274 1184 dormiendo
294 1144 415 1194 aliqua
435 1145 646 1181 hominibus
667 1144 884 1188 revelantur,
906 1146 998 1181 sicut
1018 1145 1148 1180 dicitur
1163 1145 1232 1192 Job
1259 1156 1328 1190 13.:
1353 1145 1497 1191 Quando
1525 1146 1626 1180 irruit

54 1205 155 1249 sopor
173 1205 272 1249 super
290 1199 447 1242 homines,
468 1203 498 1235 et
516 1198 687 1235 dormiunt
708 1200 742 1234 in
763 1199 892 1242 lectulo,
908 1204 986 1235 tunc
1006 1200 1116 1247 aperit
1132 1210 1227 1234 aures
1244 1200 1413 1243 virorum,
1431 1204 1459 1234 et
1475 1198 1627 1234 erudiens

55 1265 108 1291 cos
124 1253 261 1291 instruit
279 1251 466 1301 disciplina.

126 1307 190 1346 AD
203 1317 377 1345 mnuu
390 1306 598 1350 dicendum,
615 1307 713 1354 quod
730 1307 768 1342 in
785 1305 967 1342 infusione
981 1306 1117 1353 gratiae
1135 1305 1361 1353 justificantis
1379 1314 1433 1341 cst
1446 1305 1625 1353 quaedam

55 1361 310 1399 transmutatio
327 1360 471 1397 animae
488 1360 692 1403 humanae3
711 1368 746 1396 et
763 1360 846 1395 ideo
865 1360 1057 1407 requiritur
1075 1368 1196 1395 motus
1215 1360 1380 1407 proprius
1398 1359 1541 1394 animae
1560 1359 1626 1394 hu-

57 1426 201 1459 manae,
215 1423 255 1451 ut
275 1414 398 1450 anima
416 1421 608 1450 moveatur
624 1413 825 1449 secundum
845 1413 997 1448 modum
1016 1425 1139 1448 suum:
1158 1413 1220 1448 sed
1239 1414 1469 1448 conservatio
1488 1413 1625 1457 gratiae

57 1476 111 1506 est
127 1469 262 1516 absque
273 1468 594 1510 transmutatione;
614 1468 709 1502 unde
723 1478 798 1502 non
813 1467 1004 1515 requiritur
1018 1467 1147 1515 aliquis
1162 1476 1283 1503 motus
1297 1479 1340 1502 ex
1354 1476 1454 1515 parte
1470 1467 1626 1509 animae,

58 1521 122 1560 sed
141 1521 221 1559 sola
238 1521 464 1559 continuatio
485 1520 640 1557 influxus
661 1521 785 1556 divini.

619 1662 966 1708 ARTICULUS
994 1662 1070 1706 1v.
1555 1673 1619 1719 603

129 1771 282 1803 UTRUM
303 1771 363 1801 AD
385 1770 786 1814 JUSTIFICATtom-:M
809 1770 913 1800 IMPll
939 1770 1219 1807 REQUIRATUR
1243 1770 1394 1800 MOTUS
1419 1770 1549 1800 FIDEI.

57 1860 172 1907 (Part.
192 1870 221 1908 3.
242 1871 273 1908 q.
294 1859 353 1896 86.
374 1864 441 1895 art.
462 1859 497 1895 6.
517 1858 561 1894 ad
580 1871 608 1895 1.
629 1864 659 1895 et
684 1870 715 1895 2.
737 1859 824 1894 Dist.
848 1859 904 1894 26.
923 1864 989 1894 art.
1006 1870 1039 1904 4.
1062 1858 1105 1893 ad
1128 1870 1161 1904 4.
1180 1863 1209 1893 c!
1237 1858 1324 1893 Veri.
1347 1870 1376 1905 q.
1399 1859 1453 1894 23.
1475 1863 1539 1894 art.
1561 1859 1625 1904 4.).

128 1948 190 1986 AD
210 1959 401 1990 QUARTUM
421 1949 473 1984 sic
495 1948 712 1996 proceditur.
735 1948 898 1990 Videtur,
921 1948 1018 1995 quod
1042 1947 1084 1982 ad
1107 1946 1403 1994 justificationem
1427 1946 1528 1994 impii
1550 1958 1623 1982 non

57 2002 258 2051 requiratur
278 2010 400 2039 motus
421 2001 520 2038 fidei:
544 2002 636 2037 sicut
657 2002 754 2036 enim
778 2013 840 2048 per
862 2001 970 2036 fidem
993 2000 1206 2047 justificatur
1227 2001 1355 2042 homo,
1383 2000 1429 2034 ita
1457 2000 1567 2034 ctiam
1594 2009 1628 2036 ct

57 2068 122 2106 per
141 2055 322 2105 quaedam
344 2055 432 2092 alia:
455 2055 594 2092 scilicet
615 2067 679 2103 per
699 2056 883 2098 timorem,
898 2056 941 2090 de
964 2066 1036 2101 quo
1059 2055 1189 2090 dicitur
1212 2054 1322 2089 Eccli.
1347 2065 1393 2089 1.:
1423 2054 1539 2088 Timor
1560 2055 1629 2089 Do·

57 2111 144 2147 mini
161 2110 291 2159 expellit
306 2115 503 2159 peccatum:
526 2121 604 2145 nam
627 2111 685 2156 qui
704 2110 772 2144 sina
794 2111 911 2144 timore
930 2114 986 2151 cst,
1008 2120 1072 2143 non
1086 2109 1210 2156 polerit
1224 2108 1404 2154 justificari
1415 2120 1424 2142 :
1445 2115 1479 2142 ct
1497 2107 1627 2142 iterum

57 2175 122 2213 per
140 2163 369 2207 charitatem,
381 2163 583 2200 secundum
598 2162 685 2198 illud
700 2162 788 2198 Luc.
812 2173 862 2209 7.:
884 2163 1031 2197 Dimissa
1048 2167 1121 2197 nant
1142 2163 1171 2197 ci
1183 2167 1319 2209 pessula
1336 2161 1625 2207 multa‚q11011iam

57 2217 176 2254 dilexit
193 2217 353 2253 multum:
375 2216 561 2252 etiterum
584 2227 646 2264 per
663 2215 920 2258 humilitatem,
947 2216 1147 2251 secundum
1171 2215 1257 2249 illud
1283 2215 1358 2261 Jac.
1381 2225 1430 2257 ,μ
1464 2215 1553 2249 Deus
1579 2227 1628 2250 su-

53 2271 168 2321 perbis
187 2271 318 2313 resistit,
339 2269 519 2306 humilibus
539 2275 646 2305 autem
668 2269 726 2305 dat
744 2270 913 2316 gratiam:
943 2278 977 2305 ct
1006 2270 1136 2304 iterum
1164 2280 1225 2315 per
1254 2268 1555 2310 miscricordiam,
1578 2279 1628 2303 se-

59 2323 221 2361 cundum
241 2323 330 2360 illud
351 2323 459 2360 Ρῐον.
491 2334 564 2369 15.:
595 2323 658 2359 Per
685 2323 961 2366 miscricordiam,
984 2328 1013 2359 ct
1038 2323 1132 2366 fidem
1156 2327 1350 2370 purgantur
1371 2326 1525 2368 peccatam·
1552 2332 1626 2356 non

58 2389 148 2427 ergo
168 2379 285 2426 magis
304 2385 425 2413 motus
444 2376 527 2412 fidei
545 2376 736 2424 requiritur
755 2377 799 2412 ad
817 2376 1112 2423 justificationem
1133 2376 1243 2423 impii,
1263 2387 1371 2422 quam
1392 2383 1512 2409 motus
1532 2386 1629 2422 prae-

59 2432 236 2469 dictarum
256 2431 442 2467 virtutum.

131 2495 165 2522 2.
179 2485 417 2522 ΡιΑετεκΕΑ.
433 2485 547 2520 Actus
562 2484 643 2520 fidei
658 2495 732 2519 non
748 2484 939 2531 requiritur
952 2484 994 2518 ad
1010 2483 1316 2529 justificationem,
1332 2482 1397 2516 nisi
1415 2482 1626 2529 inquantum

59 2550 124 2588 per
139 2538 250 2575 fidem
270 2539 386 2574 homo
409 2539 600 2585 cognoscit
622 2538 760 2573 Deum:
783 2538 845 2573 sed
868 2537 976 2572 etiam
1001 2537 1078 2571 aliis
1102 2537 1221 2571 modis
1240 2545 1356 2583 potest
1373 2535 1486 2569 homo
1507 2536 1626 2570 Deum

59 2602 295 2641 cognoscere,
314 2592 454 2628 scilicet
479 2603 542 2639 per
568 2592 815 2638 cognitionem
843 2591 1058 2633 naturalem,
1090 2599 1125 2626 et
1153 2602 1213 2637 per
1243 2591 1380 2624 donum
1408 2590 1622 2637 sapientiae:

59 2656 149 2694 ergo
168 2656 244 2682 non
264 2645 456 2694 requiritur
478 2654 578 2681 actus
601 2644 681 2680 fidei
705 2645 748 2680 ad
771 2644 1065 2690 justificationem
1089 2645 1200 2691 impii.

134 2710 164 2748 3.
186 2698 424 2736 PRAETEREA.
448 2699 590 2734 Diversi
613 2707 695 2734 sunt
722 2698 862 2733 articuli
885 2698 985 2741 sidci;
1009 2699 1035 2732 si
1060 2699 1166 2743 igitur
1194 2707 1292 2732 actus
1320 2697 1400 2732 {idei
1428 2697 1628 2744 requiratur

61 2752 107 2789 ad
137 2751 433 2800 justificationem
461 2752 576 2800 impii,
603 2752 742 2787 videtur
768 2753 865 2799 quod
892 2760 1075 2799 oporteret
1102 2751 1304 2790 hominem,
1335 2750 1480 2797 quando
1509 2750 1627 2796 primo

59 2804 285 2854 justificatur,
303 2806 350 2842 de
369 2806 539 2842 omnibus
561 2805 721 2841 articulis
742 2804 824 2840 fidei
843 2806 1023 2851 cogitare:
1039 2805 1100 2840 sed
1116 2805 1186 2839 hoc
1202 2805 1341 2839 videtur
1357 2804 1628 2846 inconveniens,

61 2870 147 2896 cum
174 2855 257 2897 tans
282 2859 457 2908 cogitatio
483 2859 633 2906 longam
658 2859 835 2906 temporis
861 2867 1003 2894 moram
1035 2860 1211 2905 requirat;
1238 2869 1326 2904 ergo
1353 2858 1504 2898 videtur,
1530 2858 1627 2904 quod

62 2921 165 2951 actus
184 2911 269 2950 fidei
288 2923 362 2950 uon
382 2912 586 2962 requiratur
607 2912 651 2948 ad
673 2911 968 2959 justificationem
992 2912 1103 2959 impii.
