1907 3198
559 159 785 196 QUAESTIO
819 159 937 189 XLIV.
971 159 1221 189 ARTICULUS
1255 159 1283 188 1.
1637 160 1720 202 315

133 243 242 279 corde
263 241 465 289 refugiunt,
496 249 531 276 et
559 250 708 289 propter
729 242 802 276 hoc
823 241 995 276 timentes
1016 252 1093 276 non
1115 249 1285 288 prompte
1308 240 1496 280 invadunt,
1518 240 1582 276 sed
1605 243 1724 287 magis

131 297 324 344 refugiunt.

202 352 264 386 AD
285 361 496 386 SECUNDUM
519 351 729 394 dicendum,
753 351 852 398 quod
873 350 1040 386 naturale
1059 359 1113 385 est
1132 350 1281 385 cuilibet
1295 349 1446 392 dolenti,
1469 350 1546 385 sive
1568 350 1725 393 homini,

130 406 207 441 sive
237 405 398 448 animali,
429 405 527 452 quod
549 414 671 440 utatur
705 417 940 453 quocumque
963 404 1100 440 auxilio
1122 413 1254 451 potest,
1279 405 1323 439 ad
1346 404 1599 451 repellendum
1622 406 1724 439 noci-

129 471 216 494 vum
238 471 421 507 praesens,
443 460 542 506 quod
569 459 677 495 infert
699 460 887 503 dolorem;
915 460 1011 494 unde
1041 459 1220 501 videmus,
1249 460 1347 505 quod
1371 458 1544 493 animalia
1563 458 1725 493 dolentia

128 514 336 562 percutiunt
367 514 426 549 vel
451 513 628 558 faucibus,
650 514 710 549 vel
732 515 914 550 cornibus.
938 514 1144 548 Maximum
1179 521 1303 548 autem
1330 513 1507 548 auxilium
1530 513 1574 547 ad
1597 513 1725 547 omnia

127 568 166 603 in
187 568 406 604 animalibus
428 577 483 603 est
504 568 616 611 calor,
640 577 675 603 et
701 569 858 616 spiritus,
877 577 913 603 et
933 568 1017 603 ideo
1045 569 1082 603 in
1109 567 1238 602 dolore
1260 576 1391 602 natura
1413 576 1609 602 conservat
1630 567 1726 601 calo-

127 635 220 667 rem,
250 631 285 658 et
316 623 484 671 spiritum
517 624 682 666 interius,
709 633 748 658 ut
768 624 841 658 hoc
876 631 997 658 utatur
1019 623 1064 657 ad
1087 622 1341 669 repellendum
1362 622 1558 664 nocivum3
1582 630 1618 656 et
1639 621 1722 655 ideo

127 677 266 713 Philos.
285 677 374 713 dicit
393 678 432 712 in
452 677 513 712 lib.
536 678 581 713 de
603 678 898 713 Problematibus
920 678 1012 723 (sect.
1035 689 1089 724 27.
1106 677 1217 724 probl.
1242 676 1308 723 9.),
1336 676 1449 723 quod,
1471 675 1724 722 multiplicatis

126 732 309 780 spiritibus
341 731 554 775 introrsum,
582 741 618 767 et
644 732 779 775 calore,
801 743 952 767 necesse
974 739 1028 766 est
1061 731 1159 778 quod
1182 731 1396 765 emittantur
1426 741 1490 777 per
1517 741 1663 773 vocem,
1691 738 1727 764 et

126 795 277 835 propter
301 787 375 822 hoc
398 787 565 822 dolentes
587 787 646 822 vix
675 799 713 822 se
739 795 895 834 possunt
916 787 1118 829 continere,
1141 786 1229 833 quin
1251 785 1433 820 clament:
1457 785 1522 820 sed
1540 785 1577 819 in
1598 785 1727 819 timen-

126 842 222 877 tibus
246 841 286 876 fit
302 850 426 877 motus
447 842 631 877 interioris
654 841 800 884 caloris,
815 850 850 876 et
868 841 1060 888 spirituum
1075 852 1095 875 a
1119 841 1230 875 corde
1254 840 1298 874 ad
1319 839 1508 882 inferiora,
1528 847 1568 874 ut
1585 839 1725 874 dictum

127 904 183 931 est
203 895 265 942 (ad
285 908 358 943 arg.
373 896 529 944 praec.);
554 905 590 931 et
611 897 694 931 ideo
716 897 830 931 timor
852 895 1097 931 contrariatur
1112 894 1328 930 formationi
1344 894 1461 937 vocis,
1484 905 1578 941 quae
1600 893 1640 928 fit
1661 905 1725 940 per

127 950 367 986 emissionem
397 950 592 998 spirituum
615 950 659 985 ad
681 951 872 998 superiora
890 961 955 997 per
976 961 1034 985 os:
1071 957 1107 984 et
1136 957 1285 996 propter
1310 949 1385 983 hoc
1423 949 1536 983 timor
1561 956 1726 983 tacentes

125 1004 232 1048 facit3
254 1013 291 1040 et
306 1005 392 1040 inde
415 1013 470 1040 est
491 1005 615 1049 etiam,
637 1005 737 1052 quod
760 1007 864 1041 timor
882 1009 1054 1040 trementes
1067 1004 1170 1051 facit,
1193 1012 1234 1039 ut
1259 1003 1348 1038 dicit
1372 1002 1513 1039 Philos.
1536 1002 1574 1037 in
1596 1002 1657 1037 lib.
1681 1003 1725 1037 de

125 1059 249 1094 Probl.
272 1059 352 1105 (loc.
379 1061 434 1095 cit.
451 1060 563 1107 probl.
583 1061 641 1106 L).

197 1114 259 1149 AD
281 1124 457 1150 TERTruM
475 1114 685 1157 dicendum,
713 1113 812 1161 quod
839 1112 1002 1161 pericula
1036 1113 1166 1148 mortis
1194 1123 1271 1147 non
1302 1112 1425 1148 solum
1455 1112 1725 1147 contrariantur

125 1168 303 1216 appetitui
325 1168 487 1211 animali,
510 1168 573 1203 sed
595 1169 707 1204 etiam
730 1169 1002 1203 contrariantur
1022 1176 1192 1210 naturae;
1215 1175 1251 1202 et
1272 1175 1422 1214 propter
1443 1167 1516 1201 hoc
1538 1167 1576 1201 in
1603 1167 1725 1213 hujus-

125 1224 229 1259 modi
247 1224 382 1259 timore
402 1235 480 1259 non
501 1223 624 1258 solum
647 1223 686 1258 fit
707 1223 913 1258 contractio
935 1234 979 1257 ex
996 1231 1098 1270 parte
1121 1222 1313 1269 appetitus,
1336 1222 1400 1256 sed
1422 1222 1534 1256 etiam
1557 1233 1600 1256 ex
1619 1229 1722 1268 parte

123 1286 276 1313 naturae
298 1277 512 1325 corporalis.
536 1277 598 1313 Sic
620 1278 719 1312 enirn
742 1277 948 1325 disponitur
970 1276 1108 1311 animal
1129 1288 1173 1311 ex
1194 1276 1462 1323 imaginatione
1485 1276 1615 1311 mortis
1635 1287 1720 1310 con-

122 1332 273 1368 trahens
294 1332 459 1368 calorem
481 1332 526 1367 ad
547 1332 734 1375 interiora,
755 1332 851 1367 sicut
871 1331 1019 1379 quando
1033 1331 1248 1366 naturaliter
1262 1342 1363 1365 mors
1376 1331 1566 1374 imminet3
1585 1339 1620 1365 et
1637 1331 1722 1366 inde

124 1395 190 1430 est,
204 1387 304 1436 quod
317 1388 466 1423 timentes
477 1392 622 1422 mortem
631 1387 827 1435 pallescunt,
846 1394 886 1421 ut
900 1386 1032 1421 dicitur
1045 1385 1083 1420 in
1097 1395 1131 1429 4.
1146 1385 1229 1420 Eth.
1247 1385 1336 1432 (cap.
1353 1386 1384 1421 8.
1394 1391 1524 1432 parum
1539 1397 1559 1420 a
1573 1387 1686 1432 princ.
1686 1386 1721 1430 ):

123 1441 186 1477 sed
207 1441 361 1485 malurn,
383 1441 482 1489 quod
502 1441 609 1476 timet
629 1441 864 1484 verecundia,
886 1452 963 1475 non
985 1440 1185 1487 opponitur
1205 1448 1369 1482 naturae,
1389 1439 1452 1474 sed
1472 1439 1593 1474 solum
1614 1451 1720 1487 appe-

121 1496 205 1531 titui
225 1495 395 1540 animali3
417 1504 453 1532 et
472 1495 557 1530 ideo
579 1495 619 1531 fit
636 1495 820 1543 quaedam
835 1495 1041 1530 contractio
1059 1494 1265 1530 secundum
1287 1494 1491 1541 appetitum
1507 1493 1720 1537 animalem,

122 1561 200 1585 non
221 1558 344 1586 autem
366 1550 571 1586 secundum
591 1558 764 1585 naturam
791 1549 1045 1597 corporalem:
1076 1549 1140 1584 sed
1170 1549 1290 1596 magis
1321 1550 1455 1591 anima,
1487 1549 1591 1595 quasi
1618 1549 1655 1583 in
1683 1560 1721 1583 se

130 1612 332 1648 contracta,
353 1613 462 1640 vacat
483 1604 528 1640 ad
549 1605 759 1640 motionem
782 1604 988 1652 spirituum,
1011 1612 1048 1639 et
1070 1603 1223 1639 caloris:
1246 1603 1343 1638 unde
1362 1602 1402 1638 fit
1421 1614 1554 1638 eorum
1575 1602 1723 1639 diffusio

124 1659 170 1695 ad
191 1659 390 1696 exteriora:
413 1667 449 1696 et
469 1667 618 1708 propter
638 1659 713 1695 hoc
734 1659 974 1694 verecundati
994 1658 1203 1694 rubescunt.

705 1804 1059 1851 ARTICULUS
1092 1804 1150 1848 Π.
1648 1826 1719 1860 244

455 1914 612 1946 UTRUM
645 1914 789 1946 TIMOR
822 1915 986 1946 FACIAT
1021 1914 1383 1946 CONSILIATIVOS.

251 2005 334 2051 (2-2.
355 2015 387 2052 q.
407 2015 464 2052 47.
486 2008 552 2040 art.
575 2016 607 2052 9.
631 2003 675 2040 ad
691 2016 720 2052 3.
736 2010 774 2040 ‘et
794 2016 825 2051 q.
843 2015 897 2051 54.
920 2009 984 2039 art.
1008 2016 1036 2039 2.
1063 2003 1106 2039 ad
1125 2015 1159 2049 4.
1182 2008 1211 2039 et
1231 2016 1262 2051 q.
1285 2015 1340 2051 29.
1363 2008 1429 2039 art.
1453 2014 1483 2050 7.
1506 2009 1597 2050 corp.

775 2064 803 2094 et
825 2059 878 2094 Ps.
900 2059 1064 2106 22.fin.).

195 2148 257 2184 AD
278 2159 490 2185 SECUNDUM
503 2149 555 2184 sic
570 2149 791 2197 proceditur.
810 2148 977 2192 Videtur,
992 2149 1090 2196 quod
1104 2149 1217 2184 timor
1230 2160 1307 2184 non
1321 2147 1431 2184 faciat
1445 2147 1696 2184 consiliativos
1711 2158 1719 2181 :

122 2213 199 2238 non
220 2204 320 2238 enim
342 2210 397 2238 est
417 2203 583 2250 ejusdem
605 2202 857 2238 consiliativos
878 2203 1011 2246 facere,
1031 2212 1067 2238 et
1085 2203 1282 2238 consilium
1300 2204 1498 2251 impedire:
1519 2203 1581 2238 sed
1608 2203 1720 2237 timor

124 2256 322 2292 consilium
343 2257 516 2305 impedit:
540 2258 662 2293 omnis
685 2258 785 2292 enim
807 2258 929 2304 passio
953 2258 1138 2303 perturbat
1159 2258 1332 2304 quietem,
1351 2270 1444 2305 quae
1462 2257 1656 2305 requiritur
1675 2257 1719 2290 ad

124 2311 264 2347 bonum
283 2323 393 2347 usum
414 2312 585 2355 rationis;
609 2323 698 2359 ergo
720 2312 833 2346 timor
853 2323 929 2346 non
951 2311 1040 2347 facit
1067 2311 1330 2347 consiliativos.

195 2376 228 2401 2.
250 2365 491 2402 PRAETEREA.
515 2366 726 2402 Consilium
748 2375 803 2401 est
824 2374 926 2401 actus
947 2366 1099 2401 rationis
1122 2367 1167 2402 de
1194 2366 1324 2402 futuris
1348 2366 1556 2414 cogitantis,
1578 2374 1613 2401 et
1635 2365 1717 2400 deli·

123 2419 302 2456 berantis:
332 2421 396 2456 sed
427 2420 557 2468 aliquis
578 2421 692 2456 timor
713 2428 767 2455 est
787 2422 954 2456 excutiens
975 2423 1134 2467 cogitata,
1158 2427 1189 2457 et
1210 2427 1353 2456 mentem
1367 2433 1458 2456 asuo
1474 2421 1544 2456 loco
1558 2426 1717 2461 removet,

123 2481 163 2509 ut
185 2473 332 2510 Tullius
353 2475 442 2510 dicit
461 2475 498 2510 in
519 2485 552 2518 4.
569 2475 613 2510 de
636 2474 858 2509 Tusculanis
883 2474 1171 2516 Quaestionibus
1203 2475 1383 2522 (aliquant.
1411 2488 1432 2511 a
1449 2475 1604 2523 princ.);
1629 2486 1718 2521 ergo

128 2528 242 2564 timor
257 2540 334 2564 non
351 2528 440 2564 facit
458 2529 721 2571 consiliativos,
745 2529 808 2563 sed
831 2529 949 2576 magis
972 2530 1125 2577 impedit
1147 2529 1355 2565 consilium.

201 2594 232 2630 3.
254 2582 496 2619 PRAETEREA.
520 2583 624 2618 Sicut
645 2582 843 2618 consilium
866 2583 1058 2619 adhibetur
1077 2584 1121 2618 ad
1135 2584 1284 2619 vitanda
1300 2583 1411 2627 mala,
1426 2584 1475 2618 ita
1494 2584 1605 2618 etiam
1621 2583 1719 2618 adhi-

126 2635 232 2672 betur
252 2637 297 2672 ad
319 2637 580 2685 consequenda
601 2637 716 2672 bona:
739 2637 802 2672 sed
821 2637 916 2672 sicut
933 2638 1045 2673 timor
1063 2647 1118 2673 est
1131 2638 1176 2672 de
1191 2638 1299 2673 malis
1321 2639 1490 2680 vitandis,
1504 2638 1553 2672 ita
1568 2649 1650 2684 spes
1665 2645 1718 2672 est

124 2690 170 2727 de
189 2691 297 2727 bonis
319 2692 608 2740 consequendis3
631 2703 720 2739 ergo
741 2692 854 2727 timor
871 2704 947 2728 non
969 2693 1056 2728 facit
1074 2693 1193 2740 magis
1212 2693 1477 2735 consiliativos,
1496 2704 1608 2739 quam
1623 2704 1716 2740 spes.

197 2745 274 2782 SED
303 2756 461 2782 CONTRA
492 2755 557 2789 est,
580 2746 678 2794 quod
700 2746 839 2782 Philos.
861 2747 950 2783 dicit
969 2747 1007 2782 in
1030 2757 1061 2782 2.
1085 2747 1192 2782 Rhet.
1217 2748 1309 2795 (cap.
1328 2760 1357 2794 5.
1385 2749 1447 2783 cir.
1474 2747 1590 2793 med),
1618 2747 1716 2794 quod

124 2801 227 2836 timor
245 2801 472 2837 consiliativos
492 2801 584 2842 facit.

196 2854 431 2891 RESPONDEO
460 2855 671 2899 dicendum,
701 2855 801 2903 quod
828 2856 958 2904 aliquis
985 2864 1106 2903 potest
1132 2857 1204 2892 dici
1231 2856 1482 2892 consiliativus
1517 2856 1715 2904 dupliciter,-

124 2920 192 2945 ωηο
212 2909 310 2946 modo
333 2921 354 2945 a
374 2909 578 2953 voluntate,
607 2921 672 2946 seu
702 2909 934 2946 solicitudine
961 2911 1199 2947 consiliandi:
1227 2919 1263 2946 et
1287 2913 1332 2947 sic
1361 2913 1465 2946 timor
1491 2911 1717 2946 consiliativos
