1907 3198
484 169 709 206 QUAESTIO
741 168 859 200 XLIV.
892 168 1140 198 ARTICULUS
1174 168 1235 198 111.
1565 167 1648 211 317

141 252 374 288 stpoxmzo
401 251 610 295 dicendum,
637 251 748 298 quod,
775 253 868 286 sicut
894 261 1002 298 supra
1029 250 1169 285 dictum
1196 257 1251 285 est
1277 249 1358 295 (art.
1380 261 1408 284 ι.
1431 248 1502 295 huj.
1524 249 1586 295 q.)‚
1614 248 1651 282 in

68 308 200 343 timore
218 306 258 341 fit
277 306 460 353 quaedam
481 306 686 341 contractio
702 306 744 340 ab
768 305 1007 340 exterioribus
1030 305 1075 339 ad
1097 304 1293 346 interiora;
1316 312 1351 338 et
1368 303 1453 338 ideo
1472 305 1651 337 exteriora

67 360 198 408 frigida
219 369 420 396 remanent.
444 360 488 394 Et
509 368 658 407 propter
678 360 751 394 hoc
773 360 809 394 in
833 360 884 394 eis
906 359 1039 394 accidit
1059 367 1208 400 tremor,
1225 358 1286 405 qui
1310 366 1480 392 causatur
1499 369 1542 392 ex
1558 357 1654 391 debi-

67 415 169 451 litate
187 415 328 450 virtutis
350 415 571 449 continentis
593 414 779 450 membra:
803 413 846 447 ad
868 413 1083 459 hujusmodi
1104 421 1227 447 autem
1251 411 1476 446 debilitatem
1491 411 1652 445 maxime

67 469 156 506 facit
174 469 337 505 defectus
359 468 503 511 caloris,
526 469 588 516 qui
609 477 663 503 est
684 469 981 510 instrumentum,
1005 478 1078 514 quo
1103 467 1226 501 anima
1248 474 1386 508 movet,
1405 474 1444 500 ut
1465 465 1596 500 dicitur
1614 465 1651 498 in

69 534 102 560 2.
120 523 165 559 de
182 524 320 559 Anima
343 523 424 568 (tex.
438 524 522 570 50.).

138 577 201 614 AD
222 588 374 614 PRIMUM
396 588 485 624 ergo
508 577 717 619 dicendum,
740 576 838 624 quod
861 575 985 611 calore
1008 576 1051 610 ab
1075 575 1314 610 exterioribus
1337 574 1382 609 ad
1402 574 1579 609 interiora
1598 584 1651 608 re-

67 640 216 675 vocato,
237 631 503 679 multiplicatur
524 631 626 666 calor
647 631 810 674 interius,
833 639 869 666 et
889 631 1050 665 maxime
1071 642 1198 665 versus
1226 629 1410 671 inferiora,
1437 629 1531 664 idest
1556 630 1652 663 circa

70 686 303 729 nutritivam;
325 694 361 721 et
379 685 477 728 ideo,
499 693 721 732 consumpto
740 685 907 727 humido,
928 685 1163 732 consequitur
1181 684 1270 726 sitis,
1284 692 1320 718 et
1339 685 1450 718 etiam
1468 683 1652 718 interdum

69 739 205 776 solutio
222 740 371 783 ventris,
385 748 422 775 et
438 740 564 775 urinae
583 740 745 782 emissio,
760 748 795 774 et
813 740 1033 786 quandoque
1048 739 1160 774 etiam
1174 738 1343 774 seminis:
1359 737 1419 773 vel
1436 737 1653 783 huJusmodi

69 795 218 830 emissio
240 793 532 842 superfluitatum
549 794 682 829 accidit
700 802 847 841 propter
862 793 1155 828 contractionem
1169 793 1318 835 ventris,
1333 800 1368 827 et
1384 791 1653 833 testiculorum,

69 857 109 884 ut
128 848 268 884 Philos.
290 848 379 883 dicit
399 849 436 883 in
457 848 520 883 lib.
543 848 587 883 de
610 848 796 883 Problem.
819 849 909 894 (sect.
928 859 982 895 27.
996 848 1107 895 probl.
1128 848 1203 892 IL).

141 903 249 938 Unde
269 911 370 950 patet
389 903 526 938 solutio
546 913 597 938 AD
624 913 846 938 SECUNDUM.

138 958 201 994 AD
222 967 397 993 TERTIUM
419 957 628 1000 dicendum,
643 957 742 1004 quod
763 957 849 1004 quia
870 957 907 992 in
929 957 1063 992 timore
1083 955 1184 991 calor
1205 956 1340 992 deserit
1358 967 1433 998 cor,
1454 966 1473 989 a
1495 955 1655 1002 superio-

43 1032 50 1038 >
67 1012 166 1048 ribus
187 1012 233 1047 ad
253 1011 426 1047 inferiora
452 1012 619 1055 tendens,
641 1012 724 1046 ideo
750 1011 964 1046 timentibus
992 1011 1153 1045 maxime
1174 1011 1299 1046 tremit
1321 1022 1396 1052 cor,
1418 1018 1454 1045 et
1475 1009 1653 1051 membra,

67 1077 162 1114 quae
182 1066 320 1102 habent
345 1065 507 1114 aliquam
533 1066 809 1101 connexionem
836 1065 880 1100 ad
907 1074 1046 1113 pectus,
1074 1065 1135 1100 ubi
1161 1074 1216 1100 est
1242 1076 1325 1100 cor:
1358 1065 1455 1099 unde
1482 1064 1654 1098 timentes

67 1121 229 1157 maxime
249 1129 412 1156 tremunt
431 1121 469 1156 in
489 1132 583 1156 voce
604 1129 753 1168 propter
773 1120 1002 1155 vicinitatem
1020 1119 1162 1155 vocalis
1185 1120 1337 1155 arteriae
1359 1119 1403 1154 ad
1426 1130 1508 1153 cor:
1530 1118 1655 1153 tremit

67 1176 180 1211 etiam
200 1175 341 1210 labium
361 1174 522 1218 inferius,
545 1183 581 1210 et
601 1182 679 1210 tota
699 1174 850 1209 inferior
872 1173 1086 1208 mandibula
1104 1183 1254 1221 propter
1272 1173 1590 1209 continuationem
1609 1172 1653 1207 ad

66 1240 150 1273 cor;
170 1229 268 1265 unde
289 1238 325 1265 et
345 1229 514 1277 strepitus
535 1229 701 1264 dentium
715 1229 895 1276 sequitur:
919 1236 955 1263 et
973 1228 1105 1263 eadem
1123 1228 1265 1263 ratione
1285 1228 1448 1270 brachia,
1470 1235 1506 1262 et
1519 1238 1652 1261 manus

63 1292 245 1319 tremunt:
271 1283 332 1319 vel
357 1284 469 1319 etiam
495 1284 580 1331 quia
605 1283 822 1330 hujusmodi
847 1283 1015 1318 membra
1041 1290 1126 1317 sunt
1152 1283 1272 1328 magis
1299 1281 1472 1317 mobilia:
1502 1289 1651 1328 propter

67 1337 167 1386 quod
188 1345 224 1374 et
244 1349 365 1385 genua
385 1345 549 1373 tremunt
568 1337 794 1380 timentibus,
812 1337 1017 1372 secundum
1032 1336 1122 1371 illud
1142 1337 1209 1371 Isa.
1235 1347 1308 1383 35.:
1328 1336 1525 1383 Consortate
1535 1347 1654 1370 manus

44 1423 46 1427 ,
68 1392 252 1436 dissolutas,
274 1397 306 1428 et
322 1403 431 1439 genua
453 1393 630 1428 trementia
649 1391 802 1438 (debilia)
823 1393 990 1427 roborate.

629 1517 980 1565 ARTICULUS
1015 1518 1093 1562 IV.
1585 1527 1654 1573 246

391 1628 550 1662 UTRUM
572 1627 714 1659 TIMOR
741 1628 957 1658 IMPEDIAT
986 1627 1323 1659 OPERATIONEM.

140 1716 202 1752 AD
223 1726 416 1757 QUARTUM
436 1716 489 1752 sic
510 1717 732 1764 proceditur.
750 1716 917 1760 Videtur,
939 1716 1038 1764 quod
1053 1717 1166 1752 timor
1184 1715 1362 1763 impediat
1376 1715 1651 1763 operationem:

55 1771 235 1818 operatio
257 1771 357 1806 enim
377 1771 538 1806 maxime
559 1771 759 1818 impeditur
785 1782 828 1806 ex
853 1771 1128 1818 perturbatione
1153 1770 1318 1813 rationis,
1345 1781 1439 1817 quae
1466 1769 1591 1817 dirigit
1615 1769 1653 1804 in

67 1836 198 1873 opere:
221 1825 284 1861 sed
304 1825 418 1860 timor
437 1825 624 1873 perturbat
644 1826 839 1869 rationem,
866 1834 906 1861 ut
931 1826 1071 1861 dictum
1099 1833 1153 1860 est
1180 1825 1261 1870 (art.
1288 1837 1320 1861 2.
1349 1824 1419 1871 huj.
1447 1836 1478 1871 q.
1506 1824 1549 1859 ad
1573 1824 1625 1869 2.)
1639 1836 1652 1866 ;

67 1890 157 1927 ergo
182 1880 296 1915 timor
315 1879 471 1927 impedit
491 1880 759 1927 operationem.

140 1944 172 1970 2.
194 1933 435 1970 PRAETEREA.
453 1933 524 1977 mi,
546 1934 609 1981 qui
628 1933 768 1969 faciunt
789 1934 924 1982 aliquid
949 1946 1034 1969 cum
1055 1934 1202 1976 timore,
1223 1933 1366 1968 facilius
1381 1933 1418 1968 in
1440 1932 1655 1980 operatione

22 2010 23 2014 =
54 1987 258 2024 ‘deficiuntz
283 1988 378 2024 sicut
397 1988 429 2024 si
450 1987 581 2035 aliquis
602 1988 749 2023 incedat
775 2000 884 2036 super
909 1989 1052 2024 trabem
1078 1988 1116 2023 in
1143 1988 1218 2023 alto
1245 1989 1416 2035 positam,
1442 1996 1592 2034 propter
1617 1987 1658 2022 ti-

67 2053 214 2078 morem
235 2042 280 2078 de
300 2041 401 2078 facili
416 2042 530 2086 cadit3
547 2053 623 2078 non
639 2051 762 2078 autem
778 2043 936 2086 caderet,
951 2043 980 2078 si
998 2042 1185 2078 incederet
1201 2054 1311 2090 super
1327 2042 1498 2077 eamdem
1512 2042 1655 2076 trabem

66 2097 199 2133 inimo
218 2097 391 2145 positam,
411 2105 561 2145 propter
582 2096 768 2132 defectum
789 2098 954 2141 timori53
978 2109 1066 2144 ergo
1085 2098 1198 2132 timor
1215 2097 1370 2144 impedit
1388 2096 1654 2144 operationem.

144 2163 174 2199 3.
192 2151 432 2188 PRAETEREA.
454 2151 618 2198 Pigritia,
645 2152 720 2186 sive
747 2152 920 2198 segnities
947 2160 1002 2186 est
1027 2151 1210 2199 quaedam
1237 2151 1377 2199 species
1403 2151 1564 2186 timoris:
1591 2150 1655 2185 sed

93 2205 214 2253 igritia
233 2205 388 2254 impedit
408 2205 684 2253 operationem;
708 2217 796 2252 ergo
820 2214 855 2241 et
875 2207 998 2241 timor.

140 2259 217 2296 SED
243 2270 402 2296 CONTRA
423 2268 488 2303 est,
510 2260 610 2308 quod
628 2260 799 2307 Apostol.
823 2260 911 2296 dicit
932 2261 977 2295 ad
998 2260 1132 2308 Philip.
1156 2271 1205 2295 2.:
1232 2261 1319 2297 Cum
1337 2266 1438 2304 metu,
1461 2266 1491 2295 et
1512 2266 1653 2296 tremore

76 2318 216 2358 v‘stram
235 2314 374 2350 salutem
396 2316 584 2362 operamini
593 2328 604 2350 .·
627 2314 726 2361 quod
747 2326 823 2350 non
846 2315 995 2358 diceret,
1026 2316 1057 2350 si
1086 2316 1199 2351 timor
1231 2316 1370 2351 bonam
1401 2316 1656 2363 operationem

68 2365 80 2413 f
122 2368 281 2416 pediret3
301 2368 415 2404 timor
435 2380 524 2416 ergo
546 2380 621 2404 non
651 2369 805 2416 impedit
824 2369 963 2404 bonam
990 2370 1258 2416 operationem.

140 2421 374 2459 RESPONDEO
396 2423 606 2466 dicendum,
628 2423 726 2470 quod
749 2424 914 2470 operatio
941 2424 1105 2459 hominis
1132 2425 1291 2459 exterior
1313 2432 1483 2459 causatur
1504 2424 1654 2471 quidem

80 2475 114 2523 '‚b
135 2477 271 2520 anima,
292 2477 387 2513 sicut
408 2488 430 2512 a
450 2477 571 2524 primo
594 2486 781 2520 movente,
803 2478 866 2513 sed
886 2489 906 2512 a
928 2479 1104 2513 membris
1123 2479 1324 2526 corporeis,
1346 2479 1441 2514 sicut
1462 2479 1505 2513 ab
1528 2479 1658 2513 instru-

75 2571 87 2581 ἢ
109 2531 217 2567 entis:
240 2531 421 2578 contingit
447 2540 582 2574 autem,
610 2532 866 2579 operationem
893 2533 1075 2580 impediri,
1102 2542 1138 2568 et
1163 2542 1312 2580 propter
1338 2533 1499 2580 defectum
1527 2533 1655 2567 instru-

51 2609 55 2612 -
108 2585 194 2628 enti,
215 2593 252 2621 et
271 2594 421 2633 propter
441 2585 601 2633 defectum
624 2586 835 2633 principalis
858 2588 1052 2623 moventis.

77 2658 85 2685 3
144 2638 196 2674 Ex
216 2647 319 2687 parte
341 2639 450 2687 igitur
475 2640 803 2676 instrumentorum
830 2641 1079 2688 corporalium
1104 2642 1228 2685 timor,
1250 2650 1428 2689 quantum
1455 2649 1509 2677 est
1535 2641 1579 2676 de
1606 2653 1657 2684 se,

75 2695 81 2697 “
110 2704 214 2740 mper
229 2702 336 2729 natus
354 2702 409 2729 est
425 2694 602 2740 impedire
621 2695 838 2730 exteriorem
857 2696 1124 2743 operationem,
1143 2705 1290 2742 propter
1309 2695 1493 2731 defectum
1513 2695 1658 2738 caloris,

121 2745 130 2755 '
152 2757 196 2783 ex
215 2747 348 2783 timore
375 2748 507 2783 accidit
532 2748 569 2783 in
597 2749 835 2784 exterioribus
861 2750 1047 2785 membris.
1076 2750 1148 2786 Sed
1176 2762 1220 2785 ex
1246 2759 1346 2796 parte
1374 2749 1530 2792 animae,
1557 2750 1586 2785 si
1613 2750 1658 2784 sit

138 2811 182 2837 or
200 2802 424 2845 moderatus,
441 2813 517 2837 non
539 2802 695 2838 multum
715 2804 897 2839 rationem
918 2805 1145 2851 perturbans,
1164 2803 1305 2839 confert
1327 2804 1371 2838 ad
1392 2804 1485 2838 bene
1507 2815 1658 2850 operan-

191 2855 410 2904 inquantum
430 2864 557 2892 causat
577 2857 776 2904 quamdam
796 2857 1081 2901 solicitudinem,
1104 2867 1139 2894 et
1160 2858 1246 2893 facit
1271 2858 1464 2892 hominem
1487 2859 1657 2893 attentius

116 2951 117 2956 Ἰ
164 2909 270 2955 iliari,
282 2918 319 2947 et
332 2911 492 2959 operari:
506 2911 536 2946 si
553 2922 642 2946 vero
656 2912 768 2947 timor
780 2920 922 2947 tantum
941 2913 1132 2956 increscat,
1147 2913 1244 2960 quod
1261 2913 1442 2947 rationem
1461 2913 1657 2959 perturbet,
