<?xml version="1.0" encoding="UTF-8"?>
<!DOCTYPE html PUBLIC "-//W3C//DTD XHTML 1.0 Transitional//EN"
    "http://www.w3.org/TR/xhtml1/DTD/xhtml1-transitional.dtd">
<html xmlns="http://www.w3.org/1999/xhtml" xml:lang="en" lang="en">
 <head>
  <title>
</title>
<meta http-equiv="Content-Type" content="text/html;charset=utf-8" />
  <meta name='ocr-system' content='tesseract 3.04.00' />
  <meta name='ocr-capabilities' content='ocr_page ocr_carea ocr_par ocr_line ocrx_word'/>
</head>
<body>
  <div class='ocr_page' id='page_1' title='image "./divithomaeaquina02thomuoft_0440.png"; bbox 0 0 1907 3182; ppageno 0'>
   <div class='ocr_carea' id='block_1_1' title="bbox 268 171 1418 225">
    <p class='ocr_par' dir='ltr' id='par_1_1' title="bbox 268 171 1418 225">
     <span class='ocr_line' id='line_1_1' title="bbox 268 171 1418 225; baseline 0 -14"><span class='ocrx_word' id='word_1_1' title='bbox 268 171 356 225; x_wconf 74' lang='lat'>436</span> <span class='ocrx_word' id='word_1_2' title='bbox 670 181 891 216; x_wconf 89' lang='lat' dir='ltr'><strong>QUAESTIO</strong></span> <span class='ocrx_word' id='word_1_3' title='bbox 926 181 1044 211; x_wconf 90' lang='lat' dir='ltr'><strong>LXIII.</strong></span> <span class='ocrx_word' id='word_1_4' title='bbox 1079 181 1323 211; x_wconf 83' lang='lat' dir='ltr'><strong>ARTICULUS</strong></span> <span class='ocrx_word' id='word_1_5' title='bbox 1357 181 1418 211; x_wconf 87' lang='lat'>111.</span> 
     </span>
    </p>
   </div>
   <div class='ocr_carea' id='block_1_2' title="bbox 268 352 1825 497">
    <p class='ocr_par' dir='ltr' id='par_1_2' title="bbox 268 352 1825 497">
     <span class='ocr_line' id='line_1_2' title="bbox 818 352 1822 412; baseline 0.001 -17"><span class='ocrx_word' id='word_1_6' title='bbox 818 352 1162 397; x_wconf 82' lang='lat' dir='ltr'><strong>ARTICULUS</strong></span> <span class='ocrx_word' id='word_1_7' title='bbox 1191 353 1271 396; x_wconf 87' lang='lat'>111.</span> <span class='ocrx_word' id='word_1_8' title='bbox 1761 377 1822 412; x_wconf 71' lang='lat'>333</span> 
     </span>
     <span class='ocr_line' id='line_1_3' title="bbox 268 460 1825 497; baseline 0.001 -8"><span class='ocrx_word' id='word_1_9' title='bbox 268 460 422 490; x_wconf 89' lang='lat' dir='ltr'><strong>UTRUM</strong></span> <span class='ocrx_word' id='word_1_10' title='bbox 439 460 630 497; x_wconf 88' lang='lat' dir='ltr'><strong>ALIQUAE</strong></span> <span class='ocrx_word' id='word_1_11' title='bbox 648 461 862 491; x_wconf 87' lang='lat' dir='ltr'><strong>VIRTUTES</strong></span> <span class='ocrx_word' id='word_1_12' title='bbox 885 461 1084 491; x_wconf 85' lang='lat' dir='ltr'>MORALES</span> <span class='ocrx_word' id='word_1_13' title='bbox 1113 462 1209 492; x_wconf 90' lang='lat' dir='ltr'><strong>SINT</strong></span> <span class='ocrx_word' id='word_1_14' title='bbox 1231 462 1276 492; x_wconf 89' lang='lat' dir='ltr'>IN</span> <span class='ocrx_word' id='word_1_15' title='bbox 1297 462 1425 492; x_wconf 90' lang='lat' dir='ltr'><strong>NOBIS</strong></span> <span class='ocrx_word' id='word_1_16' title='bbox 1444 463 1524 492; x_wconf 89' lang='lat' dir='ltr'>PER</span> <span class='ocrx_word' id='word_1_17' title='bbox 1543 461 1825 492; x_wconf 84' lang='lat' dir='ltr'><strong>INFUSIONEM.</strong></span> 
     </span>
    </p>
   </div>
   <div class='ocr_carea' id='block_1_3' title="bbox 268 548 1827 701">
    <p class='ocr_par' dir='ltr' id='par_1_3' title="bbox 268 548 1827 701">
     <span class='ocr_line' id='line_1_4' title="bbox 662 548 1433 595; baseline 0 -13"><span class='ocrx_word' id='word_1_18' title='bbox 662 548 776 594; x_wconf 77' lang='lat' dir='ltr'>(Supr.</span> <span class='ocrx_word' id='word_1_19' title='bbox 800 561 830 594; x_wconf 78' lang='lat' dir='ltr'>q.</span> <span class='ocrx_word' id='word_1_20' title='bbox 849 560 895 594; x_wconf 77' lang='lat'>51.</span> <span class='ocrx_word' id='word_1_21' title='bbox 918 554 981 584; x_wconf 80' lang='lat' dir='ltr'>art.</span> <span class='ocrx_word' id='word_1_22' title='bbox 1000 561 1027 594; x_wconf 99' lang='grc'><em>3.</em></span> <span class='ocrx_word' id='word_1_23' title='bbox 1050 554 1078 583; x_wconf 77' lang='lat' dir='ltr'>et</span> <span class='ocrx_word' id='word_1_24' title='bbox 1095 560 1180 595; x_wconf 79' lang='lat' dir='ltr'><em>q.55.</em></span> <span class='ocrx_word' id='word_1_25' title='bbox 1196 554 1259 583; x_wconf 78' lang='lat' dir='ltr'>art.</span> <span class='ocrx_word' id='word_1_26' title='bbox 1281 559 1313 593; x_wconf 81' lang='lat'>4.</span> <span class='ocrx_word' id='word_1_27' title='bbox 1337 548 1378 583; x_wconf 81' lang='lat' dir='ltr'>ad</span> <span class='ocrx_word' id='word_1_28' title='bbox 1400 549 1433 583; x_wconf 87' lang='grc'><em>6.</em></span> 
     </span>
     <span class='ocr_line' id='line_1_5' title="bbox 268 601 1827 648; baseline 0 -12"><span class='ocrx_word' id='word_1_29' title='bbox 268 606 298 636; x_wconf 77' lang='lat' dir='ltr'>et</span> <span class='ocrx_word' id='word_1_30' title='bbox 315 601 395 647; x_wconf 77' lang='lat' dir='ltr'>infr.</span> <span class='ocrx_word' id='word_1_31' title='bbox 414 613 444 646; x_wconf 82' lang='lat' dir='ltr'>q.</span> <span class='ocrx_word' id='word_1_32' title='bbox 463 601 511 647; x_wconf 80' lang='lat'>65.</span> <span class='ocrx_word' id='word_1_33' title='bbox 534 607 598 636; x_wconf 70' lang='lat' dir='ltr'>art.</span> <span class='ocrx_word' id='word_1_34' title='bbox 625 613 656 636; x_wconf 88' lang='lat'>2.</span> <span class='ocrx_word' id='word_1_35' title='bbox 678 606 742 646; x_wconf 77' lang='lat' dir='ltr'>et3.</span> <span class='ocrx_word' id='word_1_36' title='bbox 767 603 856 636; x_wconf 77' lang='lat' dir='ltr'><em>Dist.</em></span> <span class='ocrx_word' id='word_1_37' title='bbox 871 614 915 648; x_wconf 87' lang='grc'><em>33.</em></span> <span class='ocrx_word' id='word_1_38' title='bbox 938 614 968 647; x_wconf 86' lang='lat' dir='ltr'>q.</span> <span class='ocrx_word' id='word_1_39' title='bbox 987 615 1013 637; x_wconf 85' lang='lat'>1.</span> <span class='ocrx_word' id='word_1_40' title='bbox 1028 607 1092 636; x_wconf 79' lang='lat' dir='ltr'>art.</span> <span class='ocrx_word' id='word_1_41' title='bbox 1108 614 1138 637; x_wconf 92' lang='lat'>2.</span> <span class='ocrx_word' id='word_1_42' title='bbox 1161 614 1190 648; x_wconf 83' lang='lat' dir='ltr'>q.</span> <span class='ocrx_word' id='word_1_43' title='bbox 1207 614 1234 648; x_wconf 90' lang='grc'><em>3.</em></span> <span class='ocrx_word' id='word_1_44' title='bbox 1257 607 1284 637; x_wconf 79' lang='lat' dir='ltr'>et</span> <span class='ocrx_word' id='word_1_45' title='bbox 1304 613 1336 646; x_wconf 85' lang='lat'>4.</span> <span class='ocrx_word' id='word_1_46' title='bbox 1355 602 1444 637; x_wconf 79' lang='lat' dir='ltr'>Dist.</span> <span class='ocrx_word' id='word_1_47' title='bbox 1458 612 1508 648; x_wconf 89' lang='lat'>17.</span> <span class='ocrx_word' id='word_1_48' title='bbox 1524 613 1552 648; x_wconf 84' lang='lat' dir='ltr'>q.</span> <span class='ocrx_word' id='word_1_49' title='bbox 1568 614 1595 637; x_wconf 82' lang='grc' dir='ltr'>Ι.</span> <span class='ocrx_word' id='word_1_50' title='bbox 1610 607 1676 637; x_wconf 78' lang='lat' dir='ltr'>art.</span> <span class='ocrx_word' id='word_1_51' title='bbox 1691 613 1719 648; x_wconf 84' lang='lat'>3.</span> <span class='ocrx_word' id='word_1_52' title='bbox 1739 608 1827 648; x_wconf 76' lang='lat' dir='ltr'>corp.</span> 
     </span>
     <span class='ocr_line' id='line_1_6' title="bbox 834 656 1227 701; baseline -0.003 -11"><span class='ocrx_word' id='word_1_53' title='bbox 834 660 863 690; x_wconf 82' lang='lat' dir='ltr'>et</span> <span class='ocrx_word' id='word_1_54' title='bbox 884 656 971 690; x_wconf 73' lang='lat' dir='ltr'>Veri.</span> <span class='ocrx_word' id='word_1_55' title='bbox 994 667 1022 701; x_wconf 80' lang='lat' dir='ltr'>q.</span> <span class='ocrx_word' id='word_1_56' title='bbox 1042 668 1068 690; x_wconf 84' lang='grc' dir='ltr'>Ι.</span> <span class='ocrx_word' id='word_1_57' title='bbox 1088 661 1153 690; x_wconf 79' lang='lat' dir='ltr'>art.</span> <span class='ocrx_word' id='word_1_58' title='bbox 1172 657 1227 699; x_wconf 75' lang='lat' dir='ltr'>L).</span> 
     </span>
    </p>
   </div>
   <div class='ocr_carea' id='block_1_4' title="bbox 264 742 1883 2766">
    <p class='ocr_par' dir='ltr' id='par_1_4' title="bbox 264 742 1830 1109">
     <span class='ocr_line' id='line_1_7' title="bbox 341 742 1829 790; baseline 0.001 -14"><span class='ocrx_word' id='word_1_59' title='bbox 341 743 400 777; x_wconf 90' lang='grc' dir='ltr'>ΑΙ)</span> <span class='ocrx_word' id='word_1_60' title='bbox 416 753 586 777; x_wconf 79' lang='lat' dir='ltr'>TERTIUM</span> <span class='ocrx_word' id='word_1_61' title='bbox 600 742 650 776; x_wconf 91' lang='lat' dir='ltr'>sic</span> <span class='ocrx_word' id='word_1_62' title='bbox 666 743 880 788; x_wconf 77' lang='lat' dir='ltr'><strong>proceditur.</strong></span> <span class='ocrx_word' id='word_1_63' title='bbox 900 743 1062 786; x_wconf 88' lang='lat' dir='ltr'>Videtur,</span> <span class='ocrx_word' id='word_1_64' title='bbox 1081 744 1177 790; x_wconf 87' lang='lat' dir='ltr'>quod</span> <span class='ocrx_word' id='word_1_65' title='bbox 1192 751 1332 790; x_wconf 89' lang='lat' dir='ltr'>praeter</span> <span class='ocrx_word' id='word_1_66' title='bbox 1345 743 1493 777; x_wconf 87' lang='lat' dir='ltr'>virtutes</span> <span class='ocrx_word' id='word_1_67' title='bbox 1510 742 1737 789; x_wconf 87' lang='lat' dir='ltr'>theologicas</span> <span class='ocrx_word' id='word_1_68' title='bbox 1755 754 1829 778; x_wconf 92' lang='lat' dir='ltr'>non</span> 
     </span>
     <span class='ocr_line' id='line_1_8' title="bbox 269 796 1828 842; baseline 0 -12"><span class='ocrx_word' id='word_1_69' title='bbox 269 796 339 831; x_wconf 90' lang='lat' dir='ltr'>sint</span> <span class='ocrx_word' id='word_1_70' title='bbox 361 796 450 830; x_wconf 90' lang='lat' dir='ltr'>aliae</span> <span class='ocrx_word' id='word_1_71' title='bbox 472 796 617 830; x_wconf 81' lang='lat' dir='ltr'>virtutes</span> <span class='ocrx_word' id='word_1_72' title='bbox 639 796 742 830; x_wconf 85' lang='lat' dir='ltr'>nobis</span> <span class='ocrx_word' id='word_1_73' title='bbox 764 796 902 830; x_wconf 78' lang='lat' dir='ltr'>infusae</span> <span class='ocrx_word' id='word_1_74' title='bbox 925 809 944 831; x_wconf 88' lang='lat' dir='ltr'>a</span> <span class='ocrx_word' id='word_1_75' title='bbox 965 797 1065 831; x_wconf 92' lang='lat' dir='ltr'>Deo:</span> <span class='ocrx_word' id='word_1_76' title='bbox 1089 808 1130 831; x_wconf 88' lang='lat' dir='ltr'>ea</span> <span class='ocrx_word' id='word_1_77' title='bbox 1153 797 1261 839; x_wconf 87' lang='lat' dir='ltr'>enim,</span> <span class='ocrx_word' id='word_1_78' title='bbox 1284 808 1374 842; x_wconf 86' lang='lat' dir='ltr'>quae</span> <span class='ocrx_word' id='word_1_79' title='bbox 1397 805 1548 842; x_wconf 86' lang='lat' dir='ltr'><strong>possunt</strong></span> <span class='ocrx_word' id='word_1_80' title='bbox 1573 796 1649 831; x_wconf 86' lang='lat' dir='ltr'>fieri</span> <span class='ocrx_word' id='word_1_81' title='bbox 1671 808 1690 830; x_wconf 88' lang='lat' dir='ltr'>a</span> <span class='ocrx_word' id='word_1_82' title='bbox 1712 797 1828 831; x_wconf 88' lang='lat' dir='ltr'>causis</span> 
     </span>
     <span class='ocr_line' id='line_1_9' title="bbox 270 849 1828 896; baseline -0.001 -12"><span class='ocrx_word' id='word_1_83' title='bbox 270 849 447 891; x_wconf 84' lang='lat' dir='ltr'>secundis,</span> <span class='ocrx_word' id='word_1_84' title='bbox 469 861 542 883; x_wconf 90' lang='lat' dir='ltr'>non</span> <span class='ocrx_word' id='word_1_85' title='bbox 561 849 649 883; x_wconf 87' lang='lat' dir='ltr'>fiunt</span> <span class='ocrx_word' id='word_1_86' title='bbox 670 850 879 884; x_wconf 72' lang='lat' dir='ltr'>immediate</span> <span class='ocrx_word' id='word_1_87' title='bbox 903 861 922 883; x_wconf 84' lang='lat' dir='ltr'>a</span> <span class='ocrx_word' id='word_1_88' title='bbox 943 850 1035 892; x_wconf 89' lang='lat' dir='ltr'>Deo,</span> <span class='ocrx_word' id='word_1_89' title='bbox 1054 850 1122 884; x_wconf 92' lang='lat' dir='ltr'>nisi</span> <span class='ocrx_word' id='word_1_90' title='bbox 1139 850 1231 884; x_wconf 85' lang='lat' dir='ltr'>forte</span> <span class='ocrx_word' id='word_1_91' title='bbox 1255 849 1448 896; x_wconf 88' lang='lat' dir='ltr'>aliquando</span> <span class='ocrx_word' id='word_1_92' title='bbox 1471 849 1710 884; x_wconf 81' lang='lat' dir='ltr'>miraculose:</span> <span class='ocrx_word' id='word_1_93' title='bbox 1733 850 1828 895; x_wconf 83' lang='lat' dir='ltr'>quia,</span> 
     </span>
     <span class='ocr_line' id='line_1_10' title="bbox 270 903 1829 949; baseline 0.001 -13"><span class='ocrx_word' id='word_1_94' title='bbox 270 912 308 937; x_wconf 88' lang='lat' dir='ltr'>ut</span> <span class='ocrx_word' id='word_1_95' title='bbox 328 903 437 936; x_wconf 89' lang='lat' dir='ltr'>Dion.</span> <span class='ocrx_word' id='word_1_96' title='bbox 459 903 544 936; x_wconf 89' lang='lat' dir='ltr'>dicit</span> <span class='ocrx_word' id='word_1_97' title='bbox 566 903 704 948; x_wconf 76' lang='lat' dir='ltr'>(implic.</span> <span class='ocrx_word' id='word_1_98' title='bbox 727 910 799 949; x_wconf 73' lang='lat' dir='ltr'>cap.</span> <span class='ocrx_word' id='word_1_99' title='bbox 822 904 918 938; x_wconf 58' lang='lat'><strong><em>3110.</em></strong></span> <span class='ocrx_word' id='word_1_100' title='bbox 934 909 963 938; x_wconf 66' lang='lat' dir='ltr'>et</span> <span class='ocrx_word' id='word_1_101' title='bbox 983 916 1026 949; x_wconf 80' lang='lat'>15.</span> <span class='ocrx_word' id='word_1_102' title='bbox 1049 904 1137 938; x_wconf 68' lang='lat' dir='ltr'>Coal.</span> <span class='ocrx_word' id='word_1_103' title='bbox 1152 903 1362 945; x_wconf 61' lang='lat' dir='ltr'>Hz&#39;ararch),</span> <span class='ocrx_word' id='word_1_104' title='bbox 1377 903 1427 937; x_wconf 74' lang='lat' dir='ltr'>lex</span> <span class='ocrx_word' id='word_1_105' title='bbox 1441 903 1627 938; x_wconf 72' lang='lat' dir='ltr'>divinitatis</span> <span class='ocrx_word' id='word_1_106' title='bbox 1648 908 1692 938; x_wconf 79' lang='lat' dir='ltr'>est</span> <span class='ocrx_word' id='word_1_107' title='bbox 1710 903 1829 938; x_wconf 80' lang='lat' dir='ltr'>ultima</span> 
     </span>
     <span class='ocr_line' id='line_1_11' title="bbox 264 955 1829 1003; baseline -0.001 -12"><span class='ocrx_word' id='word_1_108' title='bbox 264 956 452 1003; x_wconf 69' lang='lat' dir='ltr'>permedia</span> <span class='ocrx_word' id='word_1_109' title='bbox 473 955 650 990; x_wconf 65' lang='lat' dir='ltr'>adducere:</span> <span class='ocrx_word' id='word_1_110' title='bbox 679 956 740 990; x_wconf 88' lang='lat' dir='ltr'>sed</span> <span class='ocrx_word' id='word_1_111' title='bbox 767 957 913 990; x_wconf 83' lang='lat' dir='ltr'>virtutes</span> <span class='ocrx_word' id='word_1_112' title='bbox 940 956 1213 998; x_wconf 79' lang='lat' dir='ltr'>intellectuales,</span> <span class='ocrx_word' id='word_1_113' title='bbox 1242 964 1276 990; x_wconf 94' lang='lat' dir='ltr'>et</span> <span class='ocrx_word' id='word_1_114' title='bbox 1302 955 1459 990; x_wconf 83' lang='lat' dir='ltr'>morales</span> <span class='ocrx_word' id='word_1_115' title='bbox 1486 964 1636 1001; x_wconf 84' lang='lat' dir='ltr'>possunt</span> <span class='ocrx_word' id='word_1_116' title='bbox 1661 956 1698 990; x_wconf 90' lang='lat' dir='ltr'>in</span> <span class='ocrx_word' id='word_1_117' title='bbox 1723 956 1829 990; x_wconf 89' lang='lat' dir='ltr'>nobis</span> 
     </span>
     <span class='ocr_line' id='line_1_12' title="bbox 270 1009 1830 1056; baseline 0.001 -14"><span class='ocrx_word' id='word_1_118' title='bbox 270 1009 409 1043; x_wconf 86' lang='lat' dir='ltr'>causari</span> <span class='ocrx_word' id='word_1_119' title='bbox 429 1020 492 1055; x_wconf 90' lang='lat' dir='ltr'>per</span> <span class='ocrx_word' id='word_1_120' title='bbox 512 1017 655 1043; x_wconf 89' lang='lat' dir='ltr'>nostros</span> <span class='ocrx_word' id='word_1_121' title='bbox 675 1017 786 1051; x_wconf 84' lang='lat' dir='ltr'>actus,</span> <span class='ocrx_word' id='word_1_122' title='bbox 809 1017 847 1043; x_wconf 91' lang='lat' dir='ltr'>ut</span> <span class='ocrx_word' id='word_1_123' title='bbox 869 1010 1005 1043; x_wconf 89' lang='lat' dir='ltr'>dictum</span> <span class='ocrx_word' id='word_1_124' title='bbox 1027 1018 1080 1044; x_wconf 89' lang='lat' dir='ltr'>est</span> <span class='ocrx_word' id='word_1_125' title='bbox 1103 1009 1180 1054; x_wconf 74' lang='lat' dir='ltr'>(art.</span> <span class='ocrx_word' id='word_1_126' title='bbox 1199 1009 1350 1055; x_wconf 67' lang='lat' dir='ltr'>prczer.);</span> <span class='ocrx_word' id='word_1_127' title='bbox 1367 1020 1441 1044; x_wconf 89' lang='lat' dir='ltr'>non</span> <span class='ocrx_word' id='word_1_128' title='bbox 1463 1020 1550 1056; x_wconf 88' lang='lat' dir='ltr'>ergo</span> <span class='ocrx_word' id='word_1_129' title='bbox 1573 1009 1830 1044; x_wconf 80' lang='lat' dir='ltr'>convenienter</span> 
     </span>
     <span class='ocr_line' id='line_1_13' title="bbox 271 1062 977 1109; baseline -0.001 -13"><span class='ocrx_word' id='word_1_130' title='bbox 271 1071 462 1097; x_wconf 82' lang='lat' dir='ltr'>causantur</span> <span class='ocrx_word' id='word_1_131' title='bbox 483 1063 517 1096; x_wconf 91' lang='lat' dir='ltr'>in</span> <span class='ocrx_word' id='word_1_132' title='bbox 539 1063 642 1096; x_wconf 89' lang='lat' dir='ltr'>nobis</span> <span class='ocrx_word' id='word_1_133' title='bbox 664 1074 726 1109; x_wconf 88' lang='lat' dir='ltr'>per</span> <span class='ocrx_word' id='word_1_134' title='bbox 747 1062 977 1097; x_wconf 82' lang='lat' dir='ltr'>infusionem.</span> 
     </span>
    </p>

    <p class='ocr_par' dir='ltr' id='par_1_5' title="bbox 270 1115 1832 1322">
     <span class='ocr_line' id='line_1_14' title="bbox 341 1115 1831 1162; baseline -0.001 -12"><span class='ocrx_word' id='word_1_135' title='bbox 341 1125 371 1149; x_wconf 88' lang='lat'>2.</span> <span class='ocrx_word' id='word_1_136' title='bbox 394 1115 628 1150; x_wconf 78' lang='lat' dir='ltr'>PRAETEREA.</span> <span class='ocrx_word' id='word_1_137' title='bbox 651 1116 691 1150; x_wconf 89' lang='lat' dir='ltr'>In</span> <span class='ocrx_word' id='word_1_138' title='bbox 714 1116 881 1162; x_wconf 90' lang='lat' dir='ltr'>operibus</span> <span class='ocrx_word' id='word_1_139' title='bbox 899 1117 968 1150; x_wconf 90' lang='lat' dir='ltr'>Dei</span> <span class='ocrx_word' id='word_1_140' title='bbox 987 1116 1101 1151; x_wconf 90' lang='lat' dir='ltr'>multo</span> <span class='ocrx_word' id='word_1_141' title='bbox 1118 1116 1235 1149; x_wconf 88' lang='lat' dir='ltr'>minus</span> <span class='ocrx_word' id='word_1_142' title='bbox 1252 1123 1304 1150; x_wconf 88' lang='lat' dir='ltr'>est</span> <span class='ocrx_word' id='word_1_143' title='bbox 1323 1115 1456 1162; x_wconf 88' lang='lat' dir='ltr'>aliquid</span> <span class='ocrx_word' id='word_1_144' title='bbox 1475 1115 1707 1162; x_wconf 88' lang='lat' dir='ltr'>superfluum,</span> <span class='ocrx_word' id='word_1_145' title='bbox 1721 1127 1831 1162; x_wconf 88' lang='lat' dir='ltr'>quam</span> 
     </span>
     <span class='ocr_line' id='line_1_15' title="bbox 270 1167 1830 1215; baseline -0.001 -12"><span class='ocrx_word' id='word_1_146' title='bbox 270 1169 305 1202; x_wconf 89' lang='lat' dir='ltr'>in</span> <span class='ocrx_word' id='word_1_147' title='bbox 328 1169 494 1215; x_wconf 86' lang='lat' dir='ltr'>operibus</span> <span class='ocrx_word' id='word_1_148' title='bbox 516 1177 684 1203; x_wconf 87' lang='lat' dir='ltr'>naturae:</span> <span class='ocrx_word' id='word_1_149' title='bbox 707 1170 768 1203; x_wconf 85' lang='lat' dir='ltr'>sed</span> <span class='ocrx_word' id='word_1_150' title='bbox 792 1170 834 1203; x_wconf 88' lang='lat' dir='ltr'>ad</span> <span class='ocrx_word' id='word_1_151' title='bbox 857 1170 1099 1203; x_wconf 88' lang='lat' dir='ltr'>ordinandum</span> <span class='ocrx_word' id='word_1_152' title='bbox 1124 1181 1191 1203; x_wconf 90' lang='lat' dir='ltr'>nos</span> <span class='ocrx_word' id='word_1_153' title='bbox 1218 1169 1254 1202; x_wconf 88' lang='lat' dir='ltr'>in</span> <span class='ocrx_word' id='word_1_154' title='bbox 1280 1169 1418 1203; x_wconf 91' lang='lat' dir='ltr'>bonum</span> <span class='ocrx_word' id='word_1_155' title='bbox 1444 1168 1714 1215; x_wconf 79' lang='lat' dir='ltr'>supernaturale</span> <span class='ocrx_word' id='word_1_156' title='bbox 1736 1167 1830 1203; x_wconf 88' lang='lat' dir='ltr'>suffi-</span> 
     </span>
     <span class='ocr_line' id='line_1_16' title="bbox 274 1222 1832 1269; baseline 0 -13"><span class='ocrx_word' id='word_1_157' title='bbox 274 1222 372 1256; x_wconf 89' lang='lat' dir='ltr'>ciunt</span> <span class='ocrx_word' id='word_1_158' title='bbox 392 1223 539 1257; x_wconf 86' lang='lat' dir='ltr'>virtutes</span> <span class='ocrx_word' id='word_1_159' title='bbox 561 1222 811 1268; x_wconf 71' lang='lat' dir='ltr'>theologicae,</span> <span class='ocrx_word' id='word_1_160' title='bbox 827 1235 913 1269; x_wconf 82' lang='lat' dir='ltr'>ergo</span> <span class='ocrx_word' id='word_1_161' title='bbox 935 1235 1009 1258; x_wconf 89' lang='lat' dir='ltr'>non</span> <span class='ocrx_word' id='word_1_162' title='bbox 1028 1231 1108 1258; x_wconf 88' lang='lat' dir='ltr'>sunt</span> <span class='ocrx_word' id='word_1_163' title='bbox 1135 1223 1225 1257; x_wconf 87' lang='lat' dir='ltr'>aliae</span> <span class='ocrx_word' id='word_1_164' title='bbox 1247 1223 1395 1257; x_wconf 80' lang='lat' dir='ltr'>virtutes</span> <span class='ocrx_word' id='word_1_165' title='bbox 1422 1222 1722 1269; x_wconf 83' lang='lat' dir='ltr'>supernaturales,</span> <span class='ocrx_word' id='word_1_166' title='bbox 1744 1234 1832 1269; x_wconf 91' lang='lat' dir='ltr'>quas</span> 
     </span>
     <span class='ocr_line' id='line_1_17' title="bbox 272 1277 930 1322; baseline 0 -12"><span class='ocrx_word' id='word_1_167' title='bbox 272 1284 437 1322; x_wconf 87' lang='lat' dir='ltr'>oporteat</span> <span class='ocrx_word' id='word_1_168' title='bbox 457 1277 493 1309; x_wconf 92' lang='lat' dir='ltr'>in</span> <span class='ocrx_word' id='word_1_169' title='bbox 514 1277 617 1310; x_wconf 88' lang='lat' dir='ltr'>nobis</span> <span class='ocrx_word' id='word_1_170' title='bbox 641 1277 779 1310; x_wconf 85' lang='lat' dir='ltr'>causari</span> <span class='ocrx_word' id='word_1_171' title='bbox 801 1288 820 1310; x_wconf 88' lang='lat' dir='ltr'>a</span> <span class='ocrx_word' id='word_1_172' title='bbox 838 1277 930 1310; x_wconf 85' lang='lat' dir='ltr'>Deo.</span> 
     </span>
    </p>

    <p class='ocr_par' dir='ltr' id='par_1_6' title="bbox 271 1329 1833 1524">
     <span class='ocr_line' id='line_1_18' title="bbox 346 1329 1830 1376; baseline 0 -12"><span class='ocrx_word' id='word_1_173' title='bbox 346 1341 373 1375; x_wconf 85' lang='grc'><em>3.</em></span> <span class='ocrx_word' id='word_1_174' title='bbox 397 1330 630 1364; x_wconf 73' lang='lat' dir='ltr'>PRAETEREA.</span> <span class='ocrx_word' id='word_1_175' title='bbox 653 1330 789 1364; x_wconf 82' lang='lat' dir='ltr'>Natura</span> <span class='ocrx_word' id='word_1_176' title='bbox 811 1341 884 1364; x_wconf 92' lang='lat' dir='ltr'>non</span> <span class='ocrx_word' id='word_1_177' title='bbox 905 1330 990 1364; x_wconf 85' lang='lat' dir='ltr'>facit</span> <span class='ocrx_word' id='word_1_178' title='bbox 1012 1342 1073 1376; x_wconf 89' lang='lat' dir='ltr'>per</span> <span class='ocrx_word' id='word_1_179' title='bbox 1100 1330 1183 1372; x_wconf 85' lang='lat' dir='ltr'>duo,</span> <span class='ocrx_word' id='word_1_180' title='bbox 1205 1329 1302 1376; x_wconf 86' lang='lat' dir='ltr'>quod</span> <span class='ocrx_word' id='word_1_181' title='bbox 1328 1338 1447 1376; x_wconf 86' lang='lat' dir='ltr'>potest</span> <span class='ocrx_word' id='word_1_182' title='bbox 1472 1329 1590 1364; x_wconf 90' lang='lat' dir='ltr'>facere</span> <span class='ocrx_word' id='word_1_183' title='bbox 1612 1340 1674 1376; x_wconf 89' lang='lat' dir='ltr'>per</span> <span class='ocrx_word' id='word_1_184' title='bbox 1695 1341 1830 1372; x_wconf 89' lang='lat' dir='ltr'>unum;</span> 
     </span>
     <span class='ocr_line' id='line_1_19' title="bbox 273 1382 1832 1425; baseline 0.001 -9"><span class='ocrx_word' id='word_1_185' title='bbox 273 1390 307 1416; x_wconf 84' lang='lat' dir='ltr'>et</span> <span class='ocrx_word' id='word_1_186' title='bbox 328 1382 442 1417; x_wconf 86' lang='lat' dir='ltr'>multo</span> <span class='ocrx_word' id='word_1_187' title='bbox 465 1384 582 1417; x_wconf 89' lang='lat' dir='ltr'>minus</span> <span class='ocrx_word' id='word_1_188' title='bbox 604 1383 718 1417; x_wconf 88' lang='lat' dir='ltr'>Deus:</span> <span class='ocrx_word' id='word_1_189' title='bbox 742 1383 803 1417; x_wconf 85' lang='lat' dir='ltr'>sed</span> <span class='ocrx_word' id='word_1_190' title='bbox 824 1384 923 1417; x_wconf 90' lang='lat' dir='ltr'>Deus</span> <span class='ocrx_word' id='word_1_191' title='bbox 945 1384 1093 1417; x_wconf 89' lang='lat' dir='ltr'>inseruit</span> <span class='ocrx_word' id='word_1_192' title='bbox 1112 1384 1253 1417; x_wconf 87' lang='lat' dir='ltr'>animae</span> <span class='ocrx_word' id='word_1_193' title='bbox 1272 1391 1416 1417; x_wconf 87' lang='lat' dir='ltr'>nostrae</span> <span class='ocrx_word' id='word_1_194' title='bbox 1439 1383 1578 1417; x_wconf 87' lang='lat' dir='ltr'>semina</span> <span class='ocrx_word' id='word_1_195' title='bbox 1596 1384 1780 1425; x_wconf 84' lang='lat' dir='ltr'>virtutum,</span> <span class='ocrx_word' id='word_1_196' title='bbox 1795 1392 1832 1417; x_wconf 92' lang='lat' dir='ltr'>ut</span> 
     </span>
     <span class='ocr_line' id='line_1_20' title="bbox 274 1435 1833 1483; baseline 0.001 -14"><span class='ocrx_word' id='word_1_197' title='bbox 274 1435 360 1470; x_wconf 90' lang='lat' dir='ltr'>dicit</span> <span class='ocrx_word' id='word_1_198' title='bbox 384 1436 503 1470; x_wconf 89' lang='lat' dir='ltr'>Gloss.</span> <span class='ocrx_word' id='word_1_199' title='bbox 527 1436 616 1470; x_wconf 89' lang='lat' dir='ltr'>Heb.</span> <span class='ocrx_word' id='word_1_200' title='bbox 644 1447 692 1478; x_wconf 87' lang='lat'>1.;</span> <span class='ocrx_word' id='word_1_201' title='bbox 715 1448 801 1482; x_wconf 86' lang='lat' dir='ltr'>ergo</span> <span class='ocrx_word' id='word_1_202' title='bbox 824 1447 897 1470; x_wconf 92' lang='lat' dir='ltr'>non</span> <span class='ocrx_word' id='word_1_203' title='bbox 920 1445 1072 1483; x_wconf 87' lang='lat' dir='ltr'>oportet,</span> <span class='ocrx_word' id='word_1_204' title='bbox 1092 1436 1188 1482; x_wconf 88' lang='lat' dir='ltr'>quod</span> <span class='ocrx_word' id='word_1_205' title='bbox 1207 1436 1293 1470; x_wconf 82' lang='lat' dir='ltr'>alias</span> <span class='ocrx_word' id='word_1_206' title='bbox 1314 1436 1459 1470; x_wconf 74' lang='lat' dir='ltr'>virtutes</span> <span class='ocrx_word' id='word_1_207' title='bbox 1479 1436 1515 1470; x_wconf 89' lang='lat' dir='ltr'>in</span> <span class='ocrx_word' id='word_1_208' title='bbox 1529 1436 1633 1470; x_wconf 86' lang='lat' dir='ltr'>nobis</span> <span class='ocrx_word' id='word_1_209' title='bbox 1658 1447 1722 1483; x_wconf 93' lang='lat' dir='ltr'>per</span> <span class='ocrx_word' id='word_1_210' title='bbox 1747 1436 1833 1470; x_wconf 87' lang='lat' dir='ltr'>infu-</span> 
     </span>
     <span class='ocr_line' id='line_1_21' title="bbox 271 1489 567 1524; baseline 0 -1"><span class='ocrx_word' id='word_1_211' title='bbox 271 1489 413 1523; x_wconf 82' lang='lat' dir='ltr'>sionem</span> <span class='ocrx_word' id='word_1_212' title='bbox 437 1497 567 1524; x_wconf 82' lang='lat' dir='ltr'>causet.</span> 
     </span>
    </p>

    <p class='ocr_par' dir='ltr' id='par_1_7' title="bbox 272 1542 1834 1637">
     <span class='ocr_line' id='line_1_22' title="bbox 345 1542 1834 1590; baseline 0 -14"><span class='ocrx_word' id='word_1_213' title='bbox 345 1542 419 1576; x_wconf 67' lang='lat' dir='ltr'>SED</span> <span class='ocrx_word' id='word_1_214' title='bbox 443 1553 596 1577; x_wconf 77' lang='lat' dir='ltr'><strong>CONTRA</strong></span> <span class='ocrx_word' id='word_1_215' title='bbox 619 1550 682 1584; x_wconf 87' lang='lat' dir='ltr'>est,</span> <span class='ocrx_word' id='word_1_216' title='bbox 705 1543 802 1589; x_wconf 89' lang='lat' dir='ltr'>quod</span> <span class='ocrx_word' id='word_1_217' title='bbox 824 1543 952 1577; x_wconf 89' lang='lat' dir='ltr'>dicitur</span> <span class='ocrx_word' id='word_1_218' title='bbox 976 1542 1058 1589; x_wconf 87' lang='lat' dir='ltr'>Sap.</span> <span class='ocrx_word' id='word_1_219' title='bbox 1082 1543 1132 1577; x_wconf 83' lang='lat'>8.:</span> <span class='ocrx_word' id='word_1_220' title='bbox 1156 1543 1382 1586; x_wconf 53' lang='lat' dir='ltr'>Sobrietatrm,</span> <span class='ocrx_word' id='word_1_221' title='bbox 1404 1547 1432 1577; x_wconf 75' lang='lat' dir='ltr'>et</span> <span class='ocrx_word' id='word_1_222' title='bbox 1444 1543 1610 1588; x_wconf 75' lang='lat' dir='ltr'>justitiam</span> <span class='ocrx_word' id='word_1_223' title='bbox 1631 1542 1732 1586; x_wconf 75' lang='lat' dir='ltr'>docet,</span> <span class='ocrx_word' id='word_1_224' title='bbox 1751 1549 1834 1590; x_wconf 79' lang='lat' dir='ltr'>pru-</span> 
     </span>
     <span class='ocr_line' id='line_1_23' title="bbox 272 1596 664 1637; baseline 0 -8"><span class='ocrx_word' id='word_1_225' title='bbox 272 1596 426 1637; x_wconf 52' lang='lat' dir='ltr'>dentiam,</span> <span class='ocrx_word' id='word_1_226' title='bbox 446 1602 476 1630; x_wconf 66' lang='lat' dir='ltr'>ut</span> <span class='ocrx_word' id='word_1_227' title='bbox 495 1597 664 1631; x_wconf 55' lang='lat' dir='ltr'>virtutum.</span> 
     </span>
    </p>

    <p class='ocr_par' dir='ltr' id='par_1_8' title="bbox 271 1648 1835 2177">
     <span class='ocr_line' id='line_1_24' title="bbox 343 1648 1832 1695; baseline -0.001 -12"><span class='ocrx_word' id='word_1_228' title='bbox 343 1649 570 1684; x_wconf 54' lang='lat' dir='ltr'>Ri-:spormno</span> <span class='ocrx_word' id='word_1_229' title='bbox 593 1649 797 1691; x_wconf 85' lang='lat' dir='ltr'>dicendum,</span> <span class='ocrx_word' id='word_1_230' title='bbox 814 1649 909 1695; x_wconf 89' lang='lat' dir='ltr'>quod</span> <span class='ocrx_word' id='word_1_231' title='bbox 929 1657 1072 1695; x_wconf 86' lang='lat' dir='ltr'>oportet</span> <span class='ocrx_word' id='word_1_232' title='bbox 1094 1648 1242 1683; x_wconf 87' lang='lat' dir='ltr'>effectus</span> <span class='ocrx_word' id='word_1_233' title='bbox 1265 1660 1341 1683; x_wconf 90' lang='lat' dir='ltr'>esse</span> <span class='ocrx_word' id='word_1_234' title='bbox 1363 1649 1435 1683; x_wconf 90' lang='lat' dir='ltr'>suis</span> <span class='ocrx_word' id='word_1_235' title='bbox 1456 1649 1584 1691; x_wconf 85' lang='lat' dir='ltr'>causis,</span> <span class='ocrx_word' id='word_1_236' title='bbox 1600 1657 1635 1684; x_wconf 91' lang='lat' dir='ltr'>et</span> <span class='ocrx_word' id='word_1_237' title='bbox 1648 1649 1832 1695; x_wconf 87' lang='lat' dir='ltr'>principiis</span> 
     </span>
     <span class='ocr_line' id='line_1_25' title="bbox 272 1701 1832 1749; baseline 0 -13"><span class='ocrx_word' id='word_1_238' title='bbox 272 1704 581 1749; x_wconf 85' lang='lat' dir='ltr'>proportionatos:</span> <span class='ocrx_word' id='word_1_239' title='bbox 601 1714 728 1737; x_wconf 86' lang='lat' dir='ltr'>onmes</span> <span class='ocrx_word' id='word_1_240' title='bbox 745 1711 866 1736; x_wconf 88' lang='lat' dir='ltr'>autem</span> <span class='ocrx_word' id='word_1_241' title='bbox 884 1703 1031 1736; x_wconf 85' lang='lat' dir='ltr'>virtutes</span> <span class='ocrx_word' id='word_1_242' title='bbox 1045 1710 1120 1736; x_wconf 87' lang='lat' dir='ltr'>tam</span> <span class='ocrx_word' id='word_1_243' title='bbox 1138 1701 1413 1744; x_wconf 84' lang='lat' dir='ltr'>intellectuales,</span> <span class='ocrx_word' id='word_1_244' title='bbox 1427 1713 1537 1748; x_wconf 86' lang='lat' dir='ltr'>quam</span> <span class='ocrx_word' id='word_1_245' title='bbox 1552 1701 1721 1744; x_wconf 89' lang='lat' dir='ltr'>morales,</span> <span class='ocrx_word' id='word_1_246' title='bbox 1740 1713 1832 1749; x_wconf 91' lang='lat' dir='ltr'>quae</span> 
     </span>
     <span class='ocr_line' id='line_1_26' title="bbox 271 1755 1826 1802; baseline -0.001 -12"><span class='ocrx_word' id='word_1_247' title='bbox 271 1769 313 1790; x_wconf 82' lang='lat' dir='ltr'>ex</span> <span class='ocrx_word' id='word_1_248' title='bbox 333 1756 463 1790; x_wconf 83' lang='lat' dir='ltr'>nostris</span> <span class='ocrx_word' id='word_1_249' title='bbox 479 1756 614 1790; x_wconf 87' lang='lat' dir='ltr'>actibus</span> <span class='ocrx_word' id='word_1_250' title='bbox 630 1756 871 1802; x_wconf 88' lang='lat' dir='ltr'>acquiruntur,</span> <span class='ocrx_word' id='word_1_251' title='bbox 894 1756 1093 1801; x_wconf 88' lang='lat' dir='ltr'>procedunt</span> <span class='ocrx_word' id='word_1_252' title='bbox 1108 1767 1149 1790; x_wconf 82' lang='lat' dir='ltr'>ex</span> <span class='ocrx_word' id='word_1_253' title='bbox 1163 1755 1378 1801; x_wconf 84' lang='lat' dir='ltr'>quibusdam</span> <span class='ocrx_word' id='word_1_254' title='bbox 1399 1755 1620 1790; x_wconf 86' lang='lat' dir='ltr'>naturalibus</span> <span class='ocrx_word' id='word_1_255' title='bbox 1641 1755 1826 1802; x_wconf 90' lang='lat' dir='ltr'>principiis</span> 
     </span>
     <span class='ocr_line' id='line_1_27' title="bbox 271 1808 1832 1856; baseline -0.001 -13"><span class='ocrx_word' id='word_1_256' title='bbox 271 1810 307 1843; x_wconf 90' lang='lat' dir='ltr'>in</span> <span class='ocrx_word' id='word_1_257' title='bbox 328 1809 431 1843; x_wconf 89' lang='lat' dir='ltr'>nobis</span> <span class='ocrx_word' id='word_1_258' title='bbox 452 1810 788 1855; x_wconf 76' lang='lat' dir='ltr'>praeexistentibu53</span> <span class='ocrx_word' id='word_1_259' title='bbox 811 1817 848 1843; x_wconf 89' lang='lat' dir='ltr'>ut</span> <span class='ocrx_word' id='word_1_260' title='bbox 869 1820 975 1854; x_wconf 87' lang='lat' dir='ltr'>supra</span> <span class='ocrx_word' id='word_1_261' title='bbox 1003 1809 1139 1843; x_wconf 87' lang='lat' dir='ltr'>dictum</span> <span class='ocrx_word' id='word_1_262' title='bbox 1162 1816 1215 1843; x_wconf 90' lang='lat' dir='ltr'>est</span> <span class='ocrx_word' id='word_1_263' title='bbox 1237 1808 1317 1853; x_wconf 79' lang='lat' dir='ltr'>(art.</span> <span class='ocrx_word' id='word_1_264' title='bbox 1339 1821 1366 1844; x_wconf 79' lang='grc' dir='ltr'>Ι.</span> <span class='ocrx_word' id='word_1_265' title='bbox 1389 1809 1458 1854; x_wconf 78' lang='lat' dir='ltr'>huj.</span> <span class='ocrx_word' id='word_1_266' title='bbox 1481 1821 1510 1855; x_wconf 86' lang='lat' dir='ltr'>q.</span> <span class='ocrx_word' id='word_1_267' title='bbox 1533 1814 1563 1844; x_wconf 74' lang='lat' dir='ltr'>et</span> <span class='ocrx_word' id='word_1_268' title='bbox 1583 1821 1612 1856; x_wconf 85' lang='lat' dir='ltr'>q.</span> <span class='ocrx_word' id='word_1_269' title='bbox 1631 1821 1679 1855; x_wconf 79' lang='lat'>51.</span> <span class='ocrx_word' id='word_1_270' title='bbox 1701 1814 1766 1844; x_wconf 83' lang='lat' dir='ltr'>art.</span> <span class='ocrx_word' id='word_1_271' title='bbox 1788 1809 1832 1852; x_wconf 79' lang='grc' dir='ltr'>Ι.)</span> 
     </span>
     <span class='ocr_line' id='line_1_28' title="bbox 271 1861 1834 1908; baseline -0.001 -11"><span class='ocrx_word' id='word_1_272' title='bbox 271 1863 355 1897; x_wconf 90' lang='lat' dir='ltr'>loco</span> <span class='ocrx_word' id='word_1_273' title='bbox 378 1874 532 1908; x_wconf 88' lang='lat' dir='ltr'>quorum</span> <span class='ocrx_word' id='word_1_274' title='bbox 553 1862 771 1897; x_wconf 86' lang='lat' dir='ltr'>naturalium</span> <span class='ocrx_word' id='word_1_275' title='bbox 794 1863 1053 1908; x_wconf 89' lang='lat' dir='ltr'>principiorum</span> <span class='ocrx_word' id='word_1_276' title='bbox 1069 1861 1301 1896; x_wconf 86' lang='lat' dir='ltr'>conferuntur</span> <span class='ocrx_word' id='word_1_277' title='bbox 1319 1862 1423 1896; x_wconf 91' lang='lat' dir='ltr'>nobis</span> <span class='ocrx_word' id='word_1_278' title='bbox 1439 1873 1458 1895; x_wconf 88' lang='lat' dir='ltr'>a</span> <span class='ocrx_word' id='word_1_279' title='bbox 1471 1862 1553 1897; x_wconf 90' lang='lat' dir='ltr'>Deo</span> <span class='ocrx_word' id='word_1_280' title='bbox 1568 1863 1716 1897; x_wconf 88' lang='lat' dir='ltr'>virtutes</span> <span class='ocrx_word' id='word_1_281' title='bbox 1735 1862 1834 1896; x_wconf 90' lang='lat' dir='ltr'>theo-</span> 
     </span>
     <span class='ocr_line' id='line_1_29' title="bbox 271 1915 1833 1962; baseline 0 -12"><span class='ocrx_word' id='word_1_282' title='bbox 271 1916 424 1962; x_wconf 83' lang='lat' dir='ltr'>logicae,</span> <span class='ocrx_word' id='word_1_283' title='bbox 447 1916 573 1962; x_wconf 88' lang='lat' dir='ltr'>quibus</span> <span class='ocrx_word' id='word_1_284' title='bbox 596 1916 806 1950; x_wconf 79' lang='lat' dir='ltr'>ordinamur</span> <span class='ocrx_word' id='word_1_285' title='bbox 828 1916 871 1949; x_wconf 86' lang='lat' dir='ltr'>ad</span> <span class='ocrx_word' id='word_1_286' title='bbox 898 1915 1007 1950; x_wconf 87' lang='lat' dir='ltr'>finem</span> <span class='ocrx_word' id='word_1_287' title='bbox 1033 1915 1357 1962; x_wconf 80' lang='lat' dir='ltr'>supernaturalem,</span> <span class='ocrx_word' id='word_1_288' title='bbox 1379 1915 1472 1950; x_wconf 91' lang='lat' dir='ltr'>sicut</span> <span class='ocrx_word' id='word_1_289' title='bbox 1492 1927 1599 1962; x_wconf 89' lang='lat' dir='ltr'>supra</span> <span class='ocrx_word' id='word_1_290' title='bbox 1621 1916 1758 1950; x_wconf 87' lang='lat' dir='ltr'>dictum</span> <span class='ocrx_word' id='word_1_291' title='bbox 1780 1923 1833 1950; x_wconf 84' lang='lat' dir='ltr'>est</span> 
     </span>
     <span class='ocr_line' id='line_1_30' title="bbox 273 1968 1835 2016; baseline -0.001 -12"><span class='ocrx_word' id='word_1_292' title='bbox 273 1970 318 2016; x_wconf 82' lang='lat' dir='ltr'>(q.</span> <span class='ocrx_word' id='word_1_293' title='bbox 341 1970 396 2005; x_wconf 80' lang='lat'>62.</span> <span class='ocrx_word' id='word_1_294' title='bbox 418 1976 482 2004; x_wconf 77' lang='lat' dir='ltr'>art.</span> <span class='ocrx_word' id='word_1_295' title='bbox 502 1970 563 2016; x_wconf 79' lang='grc'>3.);</span> <span class='ocrx_word' id='word_1_296' title='bbox 587 1970 679 2004; x_wconf 89' lang='lat' dir='ltr'>unde</span> <span class='ocrx_word' id='word_1_297' title='bbox 708 1978 861 2016; x_wconf 85' lang='lat' dir='ltr'>oportet,</span> <span class='ocrx_word' id='word_1_298' title='bbox 888 1969 984 2016; x_wconf 91' lang='lat' dir='ltr'>quod</span> <span class='ocrx_word' id='word_1_299' title='bbox 1011 1970 1066 2003; x_wconf 89' lang='lat' dir='ltr'>his</span> <span class='ocrx_word' id='word_1_300' title='bbox 1093 1969 1202 2003; x_wconf 87' lang='lat' dir='ltr'>etiarn</span> <span class='ocrx_word' id='word_1_301' title='bbox 1228 1969 1416 2003; x_wconf 90' lang='lat' dir='ltr'>virtutibus</span> <span class='ocrx_word' id='word_1_302' title='bbox 1443 1968 1661 2015; x_wconf 84' lang='lat' dir='ltr'>theologicis</span> <span class='ocrx_word' id='word_1_303' title='bbox 1688 1979 1835 2015; x_wconf 88' lang='lat' dir='ltr'>propor-</span> 
     </span>
     <span class='ocr_line' id='line_1_31' title="bbox 271 2022 1835 2070; baseline -0.001 -12"><span class='ocrx_word' id='word_1_304' title='bbox 271 2023 452 2058; x_wconf 85' lang='lat' dir='ltr'>tionaliter</span> <span class='ocrx_word' id='word_1_305' title='bbox 469 2023 707 2070; x_wconf 82' lang='lat' dir='ltr'>respondeant</span> <span class='ocrx_word' id='word_1_306' title='bbox 723 2023 781 2057; x_wconf 90' lang='lat' dir='ltr'>alii</span> <span class='ocrx_word' id='word_1_307' title='bbox 796 2023 938 2057; x_wconf 85' lang='lat' dir='ltr'>habitus</span> <span class='ocrx_word' id='word_1_308' title='bbox 957 2023 1124 2057; x_wconf 82' lang='lat' dir='ltr'>divinitus</span> <span class='ocrx_word' id='word_1_309' title='bbox 1140 2022 1277 2056; x_wconf 84' lang='lat' dir='ltr'>causati</span> <span class='ocrx_word' id='word_1_310' title='bbox 1298 2022 1333 2056; x_wconf 91' lang='lat' dir='ltr'>in</span> <span class='ocrx_word' id='word_1_311' title='bbox 1348 2022 1464 2064; x_wconf 84' lang='lat' dir='ltr'>nobis,</span> <span class='ocrx_word' id='word_1_312' title='bbox 1479 2023 1539 2068; x_wconf 91' lang='lat' dir='ltr'>qui</span> <span class='ocrx_word' id='word_1_313' title='bbox 1556 2023 1606 2057; x_wconf 90' lang='lat' dir='ltr'>sic</span> <span class='ocrx_word' id='word_1_314' title='bbox 1622 2033 1659 2057; x_wconf 90' lang='lat' dir='ltr'>se</span> <span class='ocrx_word' id='word_1_315' title='bbox 1678 2022 1835 2057; x_wconf 85' lang='lat' dir='ltr'>habeant</span> 
     </span>
     <span class='ocr_line' id='line_1_32' title="bbox 274 2074 1832 2123; baseline -0.001 -12"><span class='ocrx_word' id='word_1_316' title='bbox 274 2078 316 2111; x_wconf 89' lang='lat' dir='ltr'>ad</span> <span class='ocrx_word' id='word_1_317' title='bbox 339 2079 485 2111; x_wconf 86' lang='lat' dir='ltr'>virtutes</span> <span class='ocrx_word' id='word_1_318' title='bbox 507 2076 745 2123; x_wconf 81' lang='lat' dir='ltr'>theologicas,</span> <span class='ocrx_word' id='word_1_319' title='bbox 768 2078 858 2111; x_wconf 87' lang='lat' dir='ltr'>sicut</span> <span class='ocrx_word' id='word_1_320' title='bbox 880 2088 917 2111; x_wconf 88' lang='lat' dir='ltr'>se</span> <span class='ocrx_word' id='word_1_321' title='bbox 939 2076 1073 2110; x_wconf 86' lang='lat' dir='ltr'>habent</span> <span class='ocrx_word' id='word_1_322' title='bbox 1093 2076 1238 2110; x_wconf 81' lang='lat' dir='ltr'>virtutes</span> <span class='ocrx_word' id='word_1_323' title='bbox 1261 2074 1430 2118; x_wconf 80' lang='lat' dir='ltr'>morales,</span> <span class='ocrx_word' id='word_1_324' title='bbox 1450 2084 1484 2110; x_wconf 88' lang='lat' dir='ltr'>et</span> <span class='ocrx_word' id='word_1_325' title='bbox 1504 2075 1766 2110; x_wconf 82' lang='lat' dir='ltr'>intellectuales</span> <span class='ocrx_word' id='word_1_326' title='bbox 1789 2075 1832 2110; x_wconf 84' lang='lat' dir='ltr'>ad</span> 
     </span>
     <span class='ocr_line' id='line_1_33' title="bbox 274 2130 847 2177; baseline -0.002 -13"><span class='ocrx_word' id='word_1_327' title='bbox 274 2130 446 2177; x_wconf 87' lang='lat' dir='ltr'>principia</span> <span class='ocrx_word' id='word_1_328' title='bbox 467 2130 642 2164; x_wconf 88' lang='lat' dir='ltr'>naturalia</span> <span class='ocrx_word' id='word_1_329' title='bbox 664 2130 847 2164; x_wconf 78' lang='lat' dir='ltr'>virtutum.</span> 
     </span>
    </p>

    <p class='ocr_par' dir='ltr' id='par_1_9' title="bbox 274 2181 1883 2379">
     <span class='ocr_line' id='line_1_34' title="bbox 345 2181 1883 2229; baseline -0.002 -11"><span class='ocrx_word' id='word_1_330' title='bbox 345 2184 404 2218; x_wconf 88' lang='grc' dir='ltr'>ΑΙ)</span> <span class='ocrx_word' id='word_1_331' title='bbox 431 2194 578 2218; x_wconf 81' lang='lat' dir='ltr'>PRiMUM</span> <span class='ocrx_word' id='word_1_332' title='bbox 606 2195 692 2227; x_wconf 75' lang='lat' dir='ltr'>ergo</span> <span class='ocrx_word' id='word_1_333' title='bbox 725 2183 931 2225; x_wconf 87' lang='lat' dir='ltr'>dicendum,</span> <span class='ocrx_word' id='word_1_334' title='bbox 959 2182 1055 2229; x_wconf 86' lang='lat' dir='ltr'>quod</span> <span class='ocrx_word' id='word_1_335' title='bbox 1088 2181 1228 2228; x_wconf 86' lang='lat' dir='ltr'>aliquae</span> <span class='ocrx_word' id='word_1_336' title='bbox 1251 2182 1396 2228; x_wconf 89' lang='lat' dir='ltr'>quidem</span> <span class='ocrx_word' id='word_1_337' title='bbox 1425 2181 1572 2217; x_wconf 88' lang='lat' dir='ltr'>virtutes</span> <span class='ocrx_word' id='word_1_338' title='bbox 1602 2181 1771 2225; x_wconf 86' lang='lat' dir='ltr'>morales,</span> <span class='ocrx_word' id='word_1_339' title='bbox 1799 2191 1834 2218; x_wconf 84' lang='lat' dir='ltr'>et</span> <span class='ocrx_word' id='word_1_340' title='bbox 1881 2211 1883 2215; x_wconf 94' lang='lat'>.</span> 
     </span>
     <span class='ocr_line' id='line_1_35' title="bbox 275 2235 1833 2283; baseline 0 -12"><span class='ocrx_word' id='word_1_341' title='bbox 275 2237 536 2272; x_wconf 69' lang='lat' dir='ltr'>intellectuales</span> <span class='ocrx_word' id='word_1_342' title='bbox 558 2245 707 2283; x_wconf 85' lang='lat' dir='ltr'>possunt</span> <span class='ocrx_word' id='word_1_343' title='bbox 725 2239 863 2271; x_wconf 86' lang='lat' dir='ltr'>causari</span> <span class='ocrx_word' id='word_1_344' title='bbox 887 2237 922 2270; x_wconf 90' lang='lat' dir='ltr'>in</span> <span class='ocrx_word' id='word_1_345' title='bbox 944 2236 1047 2270; x_wconf 87' lang='lat' dir='ltr'>nobis</span> <span class='ocrx_word' id='word_1_346' title='bbox 1063 2247 1103 2270; x_wconf 80' lang='lat' dir='ltr'>ex</span> <span class='ocrx_word' id='word_1_347' title='bbox 1118 2236 1248 2269; x_wconf 88' lang='lat' dir='ltr'>nostris</span> <span class='ocrx_word' id='word_1_348' title='bbox 1264 2235 1418 2270; x_wconf 86' lang='lat' dir='ltr'>actibus:</span> <span class='ocrx_word' id='word_1_349' title='bbox 1434 2243 1555 2270; x_wconf 88' lang='lat' dir='ltr'>tamen</span> <span class='ocrx_word' id='word_1_350' title='bbox 1567 2235 1650 2270; x_wconf 87' lang='lat' dir='ltr'>illae</span> <span class='ocrx_word' id='word_1_351' title='bbox 1664 2247 1738 2270; x_wconf 90' lang='lat' dir='ltr'>non</span> <span class='ocrx_word' id='word_1_352' title='bbox 1753 2244 1833 2271; x_wconf 88' lang='lat' dir='ltr'>sunt</span> 
     </span>
     <span class='ocr_line' id='line_1_36' title="bbox 274 2288 1832 2337; baseline -0.001 -12"><span class='ocrx_word' id='word_1_353' title='bbox 274 2291 566 2337; x_wconf 81' lang='lat' dir='ltr'>proportionatae</span> <span class='ocrx_word' id='word_1_354' title='bbox 590 2291 776 2324; x_wconf 87' lang='lat' dir='ltr'>virtutibus</span> <span class='ocrx_word' id='word_1_355' title='bbox 798 2290 1035 2336; x_wconf 78' lang='lat' dir='ltr'>theologici33</span> <span class='ocrx_word' id='word_1_356' title='bbox 1052 2297 1086 2324; x_wconf 83' lang='lat' dir='ltr'>et</span> <span class='ocrx_word' id='word_1_357' title='bbox 1106 2289 1187 2324; x_wconf 87' lang='lat' dir='ltr'>ideo</span> <span class='ocrx_word' id='word_1_358' title='bbox 1203 2296 1356 2336; x_wconf 90' lang='lat' dir='ltr'>oportet,</span> <span class='ocrx_word' id='word_1_359' title='bbox 1368 2288 1455 2323; x_wconf 85' lang='lat' dir='ltr'>alias</span> <span class='ocrx_word' id='word_1_360' title='bbox 1471 2289 1521 2324; x_wconf 87' lang='lat' dir='ltr'>eis</span> <span class='ocrx_word' id='word_1_361' title='bbox 1543 2289 1832 2336; x_wconf 86' lang='lat' dir='ltr'>proportionatas</span> 
     </span>
     <span class='ocr_line' id='line_1_37' title="bbox 274 2344 1709 2379; baseline -0.002 -1"><span class='ocrx_word' id='word_1_362' title='bbox 274 2345 481 2379; x_wconf 81' lang='lat' dir='ltr'>immediate</span> <span class='ocrx_word' id='word_1_363' title='bbox 505 2356 523 2378; x_wconf 91' lang='lat' dir='ltr'>a</span> <span class='ocrx_word' id='word_1_364' title='bbox 542 2345 622 2378; x_wconf 91' lang='lat' dir='ltr'>Deo</span> <span class='ocrx_word' id='word_1_365' title='bbox 642 2344 790 2378; x_wconf 85' lang='lat' dir='ltr'>causari.</span> <span class='ocrx_word' id='word_1_366' title='bbox 1705 2349 1709 2353; x_wconf 80' lang='grc'>’</span> 
     </span>
    </p>

    <p class='ocr_par' dir='ltr' id='par_1_10' title="bbox 273 2394 1834 2604">
     <span class='ocr_line' id='line_1_38' title="bbox 345 2394 1834 2443; baseline -0.001 -10"><span class='ocrx_word' id='word_1_367' title='bbox 345 2399 404 2432; x_wconf 87' lang='grc' dir='ltr'>ΑΙ)</span> <span class='ocrx_word' id='word_1_368' title='bbox 428 2408 632 2432; x_wconf 65' lang='lat' dir='ltr'><strong>SECUNDUM</strong></span> <span class='ocrx_word' id='word_1_369' title='bbox 656 2397 859 2438; x_wconf 86' lang='lat' dir='ltr'>dicendum,</span> <span class='ocrx_word' id='word_1_370' title='bbox 882 2397 977 2443; x_wconf 83' lang='lat' dir='ltr'>quod</span> <span class='ocrx_word' id='word_1_371' title='bbox 1000 2397 1146 2431; x_wconf 80' lang='lat' dir='ltr'>virtutes</span> <span class='ocrx_word' id='word_1_372' title='bbox 1168 2395 1398 2441; x_wconf 85' lang='lat' dir='ltr'>theologicae</span> <span class='ocrx_word' id='word_1_373' title='bbox 1418 2394 1634 2431; x_wconf 88' lang='lat' dir='ltr'>sufficienter</span> <span class='ocrx_word' id='word_1_374' title='bbox 1655 2407 1721 2431; x_wconf 90' lang='lat' dir='ltr'>nos</span> <span class='ocrx_word' id='word_1_375' title='bbox 1743 2396 1834 2431; x_wconf 83' lang='lat' dir='ltr'>ordi-</span> 
     </span>
     <span class='ocr_line' id='line_1_39' title="bbox 273 2449 1830 2497; baseline -0.001 -12"><span class='ocrx_word' id='word_1_376' title='bbox 273 2460 360 2486; x_wconf 90' lang='lat' dir='ltr'>nant</span> <span class='ocrx_word' id='word_1_377' title='bbox 380 2452 414 2485; x_wconf 92' lang='lat' dir='ltr'>in</span> <span class='ocrx_word' id='word_1_378' title='bbox 439 2451 545 2485; x_wconf 80' lang='lat' dir='ltr'>finem</span> <span class='ocrx_word' id='word_1_379' title='bbox 567 2450 885 2497; x_wconf 76' lang='lat' dir='ltr'>supernaturalem,</span> <span class='ocrx_word' id='word_1_380' title='bbox 908 2451 1106 2484; x_wconf 73' lang='lat' dir='ltr'>secundum</span> <span class='ocrx_word' id='word_1_381' title='bbox 1125 2450 1318 2496; x_wconf 87' lang='lat' dir='ltr'>quamdam</span> <span class='ocrx_word' id='word_1_382' title='bbox 1347 2449 1631 2491; x_wconf 85' lang='lat' dir='ltr'>inchoationem,</span> <span class='ocrx_word' id='word_1_383' title='bbox 1658 2458 1830 2496; x_wconf 90' lang='lat' dir='ltr'>quantum</span> 
     </span>
     <span class='ocr_line' id='line_1_40' title="bbox 274 2502 1834 2551; baseline 0 -12"><span class='ocrx_word' id='word_1_384' title='bbox 274 2505 411 2540; x_wconf 86' lang='lat' dir='ltr'>scilicet</span> <span class='ocrx_word' id='word_1_385' title='bbox 434 2505 475 2538; x_wconf 93' lang='lat' dir='ltr'>ad</span> <span class='ocrx_word' id='word_1_386' title='bbox 499 2505 615 2551; x_wconf 86' lang='lat' dir='ltr'>ipsum</span> <span class='ocrx_word' id='word_1_387' title='bbox 638 2505 756 2538; x_wconf 87' lang='lat' dir='ltr'>Deum</span> <span class='ocrx_word' id='word_1_388' title='bbox 782 2504 1007 2538; x_wconf 71' lang='lat' dir='ltr'>immediate:</span> <span class='ocrx_word' id='word_1_389' title='bbox 1031 2504 1091 2537; x_wconf 87' lang='lat' dir='ltr'>sed</span> <span class='ocrx_word' id='word_1_390' title='bbox 1120 2512 1273 2549; x_wconf 82' lang='lat' dir='ltr'>oportet,</span> <span class='ocrx_word' id='word_1_391' title='bbox 1296 2503 1391 2549; x_wconf 89' lang='lat' dir='ltr'>quod</span> <span class='ocrx_word' id='word_1_392' title='bbox 1419 2514 1482 2549; x_wconf 89' lang='lat' dir='ltr'>per</span> <span class='ocrx_word' id='word_1_393' title='bbox 1508 2502 1594 2537; x_wconf 86' lang='lat' dir='ltr'>alias</span> <span class='ocrx_word' id='word_1_394' title='bbox 1616 2503 1764 2539; x_wconf 80' lang='lat' dir='ltr'>virtutes</span> <span class='ocrx_word' id='word_1_395' title='bbox 1784 2504 1834 2538; x_wconf 86' lang='lat' dir='ltr'>in-</span> 
     </span>
     <span class='ocr_line' id='line_1_41' title="bbox 274 2556 1627 2604; baseline -0.001 -12"><span class='ocrx_word' id='word_1_396' title='bbox 274 2558 368 2593; x_wconf 86' lang='lat' dir='ltr'>fusas</span> <span class='ocrx_word' id='word_1_397' title='bbox 391 2558 593 2604; x_wconf 80' lang='lat' dir='ltr'>perficiatur</span> <span class='ocrx_word' id='word_1_398' title='bbox 616 2558 735 2591; x_wconf 87' lang='lat' dir='ltr'>anima</span> <span class='ocrx_word' id='word_1_399' title='bbox 759 2557 852 2591; x_wconf 85' lang='lat' dir='ltr'>circa</span> <span class='ocrx_word' id='word_1_400' title='bbox 876 2557 962 2590; x_wconf 76' lang='lat' dir='ltr'>alias</span> <span class='ocrx_word' id='word_1_401' title='bbox 987 2568 1056 2591; x_wconf 78' lang='lat' dir='ltr'>res:</span> <span class='ocrx_word' id='word_1_402' title='bbox 1081 2557 1116 2590; x_wconf 87' lang='lat' dir='ltr'>in</span> <span class='ocrx_word' id='word_1_403' title='bbox 1139 2556 1263 2590; x_wconf 88' lang='lat' dir='ltr'>ordine</span> <span class='ocrx_word' id='word_1_404' title='bbox 1286 2564 1407 2590; x_wconf 84' lang='lat' dir='ltr'>tamen</span> <span class='ocrx_word' id='word_1_405' title='bbox 1430 2556 1472 2590; x_wconf 83' lang='lat' dir='ltr'>ad</span> <span class='ocrx_word' id='word_1_406' title='bbox 1495 2556 1627 2591; x_wconf 86' lang='lat' dir='ltr'>Deum.</span> 
     </span>
    </p>

    <p class='ocr_par' dir='ltr' id='par_1_11' title="bbox 274 2609 1832 2766">
     <span class='ocr_line' id='line_1_42' title="bbox 345 2609 1832 2656; baseline -0.002 -10"><span class='ocrx_word' id='word_1_407' title='bbox 345 2613 404 2646; x_wconf 83' lang='lat' dir='ltr'>Ar)</span> <span class='ocrx_word' id='word_1_408' title='bbox 424 2622 594 2646; x_wconf 59' lang='grc' dir='ltr'>ἸἸῑΙΙΤΙυΜ</span> <span class='ocrx_word' id='word_1_409' title='bbox 617 2610 821 2651; x_wconf 84' lang='lat' dir='ltr'>dicendum,</span> <span class='ocrx_word' id='word_1_410' title='bbox 844 2611 938 2656; x_wconf 81' lang='lat' dir='ltr'>quod</span> <span class='ocrx_word' id='word_1_411' title='bbox 962 2610 1070 2644; x_wconf 79' lang='lat' dir='ltr'>virtus</span> <span class='ocrx_word' id='word_1_412' title='bbox 1086 2610 1230 2643; x_wconf 86' lang='lat' dir='ltr'>illorum</span> <span class='ocrx_word' id='word_1_413' title='bbox 1246 2610 1503 2656; x_wconf 85' lang='lat' dir='ltr'>principiorum</span> <span class='ocrx_word' id='word_1_414' title='bbox 1523 2609 1730 2645; x_wconf 85' lang='lat' dir='ltr'>naturaliter</span> <span class='ocrx_word' id='word_1_415' title='bbox 1747 2609 1832 2644; x_wconf 88' lang='lat' dir='ltr'>indi-</span> 
     </span>
     <span class='ocr_line' id='line_1_43' title="bbox 274 2662 1828 2709; baseline -0.003 -9"><span class='ocrx_word' id='word_1_416' title='bbox 274 2674 393 2700; x_wconf 90' lang='lat' dir='ltr'>torum</span> <span class='ocrx_word' id='word_1_417' title='bbox 417 2677 489 2699; x_wconf 87' lang='lat' dir='ltr'>non</span> <span class='ocrx_word' id='word_1_418' title='bbox 506 2677 542 2699; x_wconf 87' lang='lat' dir='ltr'>se</span> <span class='ocrx_word' id='word_1_419' title='bbox 558 2664 715 2700; x_wconf 77' lang='lat' dir='ltr'>extendit</span> <span class='ocrx_word' id='word_1_420' title='bbox 731 2663 820 2697; x_wconf 85' lang='lat' dir='ltr'>ultra</span> <span class='ocrx_word' id='word_1_421' title='bbox 838 2664 1108 2709; x_wconf 80' lang='lat' dir='ltr'>proportionem</span> <span class='ocrx_word' id='word_1_422' title='bbox 1125 2672 1291 2705; x_wconf 80' lang='lat' dir='ltr'>naturae3</span> <span class='ocrx_word' id='word_1_423' title='bbox 1307 2671 1341 2697; x_wconf 86' lang='lat' dir='ltr'>et</span> <span class='ocrx_word' id='word_1_424' title='bbox 1362 2663 1442 2697; x_wconf 87' lang='lat' dir='ltr'>ideo</span> <span class='ocrx_word' id='word_1_425' title='bbox 1465 2663 1499 2696; x_wconf 90' lang='lat' dir='ltr'>in</span> <span class='ocrx_word' id='word_1_426' title='bbox 1523 2663 1647 2698; x_wconf 88' lang='lat' dir='ltr'>ordine</span> <span class='ocrx_word' id='word_1_427' title='bbox 1664 2663 1706 2698; x_wconf 85' lang='lat' dir='ltr'>ad</span> <span class='ocrx_word' id='word_1_428' title='bbox 1722 2662 1828 2698; x_wconf 87' lang='lat' dir='ltr'>finem</span> 
     </span>
     <span class='ocr_line' id='line_1_44' title="bbox 275 2716 1640 2766; baseline -0.001 -14"><span class='ocrx_word' id='word_1_429' title='bbox 275 2719 583 2766; x_wconf 79' lang='lat' dir='ltr'>supernaturalem</span> <span class='ocrx_word' id='word_1_430' title='bbox 607 2718 741 2763; x_wconf 81' lang='lat' dir='ltr'>indiget</span> <span class='ocrx_word' id='word_1_431' title='bbox 762 2717 874 2750; x_wconf 82' lang='lat' dir='ltr'>homo</span> <span class='ocrx_word' id='word_1_432' title='bbox 895 2716 1014 2762; x_wconf 81' lang='lat' dir='ltr'>perlici</span> <span class='ocrx_word' id='word_1_433' title='bbox 1039 2729 1099 2762; x_wconf 87' lang='lat' dir='ltr'>per</span> <span class='ocrx_word' id='word_1_434' title='bbox 1114 2716 1181 2750; x_wconf 83' lang='lat' dir='ltr'>alia</span> <span class='ocrx_word' id='word_1_435' title='bbox 1206 2716 1378 2763; x_wconf 85' lang='lat' dir='ltr'>principia</span> <span class='ocrx_word' id='word_1_436' title='bbox 1401 2716 1640 2762; x_wconf 80' lang='lat' dir='ltr'>superaddita.</span> 
     </span>
    </p>
   </div>
  </div>
 </body>
</html>
