1875 3198
224 217 308 260 790
668 217 890 253 QUAESTIO
926 217 994 246 CV.
1029 217 1275 247 ARTICULUS
1309 217 1336 246 Ι.

226 298 323 334 xime
350 299 519 334 homines
545 299 581 333 in
607 299 837 346 tyrannidem
873 298 1065 341 decidunt3
1093 307 1128 333 et
1153 298 1236 333 ideo
1263 298 1447 333 Dominus
1482 310 1502 333 a
1535 299 1713 346 principio
1748 299 1799 334 eis

226 363 351 398 regem
372 364 447 387 non
468 353 621 387 instituit
649 364 732 386 cum
758 352 865 398 plena
892 359 1083 398 potestate,
1111 352 1172 387 sed
1199 352 1370 398 judicem,
1397 360 1433 386 et
1458 352 1741 398 gubernatorem
1765 353 1802 386 in

227 417 354 440 eorum
378 407 601 441 custodiam:
625 406 687 440 sed
709 414 834 452 postea
858 417 982 451 regem
1006 405 1049 439 ad
1071 406 1285 452 petitionem
1314 405 1440 452 populi
1466 406 1569 452 quasi
1594 406 1802 452 indignatus

227 460 420 502 concessit,
447 468 485 494 ut
506 468 603 506 patet
624 470 688 505 per
708 459 793 501 hoc,
816 459 913 505 quod
936 459 1023 493 dixit
1045 459 1088 493 ad
1113 458 1264 493 Samuel
1289 470 1316 493 1.
1340 459 1430 505 Reg.
1454 459 1509 493 8.:
1533 460 1611 494 Non
1632 465 1660 495 te
1682 461 1804 506 abjece-

226 519 317 556 runt,
342 513 395 548 sed
416 526 476 555 mc,
500 526 538 547 ne
558 525 687 558 regnem
708 519 804 558 snper
825 525 887 548 eos.
910 513 1066 547 Instituit
1087 521 1211 547 tamen
1237 524 1256 546 a
1283 512 1462 558 principio
1486 513 1581 547 circa
1603 524 1728 559 regem
1754 513 1804 547 in-

226 567 463 601 stituendum:
481 568 596 613 primo
617 565 763 612 quidem
783 566 936 599 modum
956 566 1124 612 eligendi,
1147 567 1183 600 in
1202 577 1273 612 quo
1296 565 1358 600 dno
1382 565 1659 609 determinavit;
1681 574 1720 601 ut
1737 567 1802 601 sci-

226 620 310 654 licet
330 621 367 654 in
394 621 469 665 ejus
492 620 671 669 electione
698 625 907 665 expectarent
923 620 1091 665 judiciuin
1112 621 1277 660 Domini;
1306 627 1340 653 et
1365 627 1404 653 ut
1429 631 1495 653 non
1513 621 1667 666 facerent
1691 632 1799 666 regem

228 674 365 709 alterins
378 676 500 719 genti&
517 674 600 719 quia
615 673 704 707 tales
720 684 823 719 reges
838 673 956 708 solent
970 685 1098 719 parum
1115 673 1209 707 affici
1224 673 1266 707 ad
1282 681 1439 719 gentem,
1455 673 1513 707 cui
1533 673 1801 720 praeficiuntur,

226 735 260 761 et
282 739 345 773 per
367 738 594 773 consequens
617 739 691 761 non
715 738 840 760 curare
863 729 906 761 de
929 738 987 761 ea:
1009 727 1145 762 sectando
1166 727 1348 761 ordinavit
1369 727 1465 760 circa
1484 738 1587 773 reges
1604 727 1799 770 institutos,

226 780 378 827 qualiter
400 781 571 814 deberent
592 792 629 815 se
646 781 780 814 habere
803 788 979 826 quantum
998 781 1041 814 ad
1061 781 1218 827 seipsos3
1237 788 1275 815 ut
1293 780 1430 815 scilicet
1450 792 1514 814 non
1536 781 1796 828 multiplicarent

226 847 354 877 cnrrns,
375 842 405 871 et
425 848 532 882 equos,
555 849 654 882 neque
677 848 806 879 nxores,
826 848 924 882 neque
942 837 1040 870 etiinn
1062 836 1412 877 immensasdivitiasJ
1436 836 1520 882 quia
1542 847 1585 870 ex
1607 837 1801 883 cupiditate

224 888 358 922 horum
374 890 554 936 principes
571 890 613 924 ad
632 890 862 936 tyrannidem
883 889 1083 932 declinant3
1107 898 1142 924 et
1162 890 1337 936 justitiam
1360 889 1625 935 derelinquunt.
1648 890 1805 925 Instituit

226 943 348 984 etiam,
371 943 524 989 qualiter
542 955 579 978 se
603 943 775 978 deberent
795 943 928 977 habere
949 943 992 977 ad
1014 944 1155 978 Deum:
1176 951 1214 978 ut
1235 943 1376 978 scilicet
1395 949 1523 990 semper
1545 944 1694 989 legerent,
1710 949 1738 978 et
1756 956 1806 979 co-

223 998 369 1041 gitarent
390 997 425 1032 cle
449 998 512 1043 lege
534 998 612 1039 Dei,
636 1003 666 1032 et
684 1003 811 1044 semper
829 1002 928 1032 essent
944 999 979 1032 in
1001 998 1068 1032 Dei
1087 999 1217 1040 timore,
1240 1002 1269 1032 et
1288 997 1480 1032 obedientia.
1501 997 1660 1032 Instituit
1680 997 1804 1040 etiarn,

225 1049 378 1096 qualiter
399 1062 436 1085 se
459 1051 635 1086 haberent
657 1051 701 1085 ad
723 1050 886 1085 subditos
905 1062 1008 1085 suos:
1030 1057 1067 1084 ut
1086 1051 1224 1085 scilicet
1242 1063 1309 1085 non
1326 1052 1461 1098 superbe
1479 1062 1529 1086 eos
1547 1056 1802 1094 contemnerent,

224 1108 282 1138 aut
300 1105 538 1150 opprimerent,
560 1117 661 1150 neque
682 1106 781 1139 etiam
804 1116 824 1138 α
842 1106 974 1151 justitia
995 1104 1209 1140 declinarent.

296 1157 357 1192 AD
381 1168 554 1193 TERTIUM
576 1158 783 1200 dicendum,
800 1159 897 1204 quod
920 1158 1049 1192 divisio
1069 1158 1183 1204 regni,
1200 1166 1235 1192 et
1253 1157 1449 1192 multitudo
1468 1168 1597 1204 regum
1616 1158 1735 1204 magis
1755 1165 1808 1193 est

224 1210 361 1257 populo
388 1211 441 1245 illi
468 1212 550 1246 data
576 1212 613 1245 in
639 1223 799 1258 poenam
821 1223 885 1258 pro
910 1212 1032 1246 multis
1062 1211 1348 1246 dissensionibus
1371 1223 1512 1254 eorum,
1534 1223 1623 1258 quas
1644 1212 1806 1246 maxime

226 1272 353 1299 contra
371 1277 496 1311 regem
518 1266 637 1299 David
659 1267 793 1311 justum
814 1273 1016 1308 moverant,
1040 1277 1150 1311 quam
1174 1265 1218 1299 ad
1241 1276 1370 1299 eorum
1392 1265 1618 1312 profectum:
1642 1265 1738 1300 unde
1759 1265 1808 1300 di-

226 1318 317 1352 citur
337 1319 403 1354 Os.
429 1330 496 1365 13.:
517 1320 616 1354 Dnlto
637 1321 699 1354 tilii
713 1332 820 1365 regent
838 1320 1005 1365 infnrore
1023 1331 1115 1354 meo:
1135 1327 1170 1353 et
1190 1318 1255 1354 Os.
1276 1319 1328 1354 8.:
1351 1319 1420 1365 Ipsi
1437 1324 1674 1365 regnaverunt,
1694 1324 1724 1355 et
1741 1331 1808 1354 non

224 1384 263 1406 ex
286 1385 353 1407 me:
376 1373 548 1420 PrIncz'pe’s
568 1375 756 1415 extiterunt,
776 1378 805 1408 et
826 1385 891 1407 non
913 1374 1061 1419 cognovi.

296 1427 356 1461 AD
376 1438 565 1466 QUARTUM
580 1427 787 1469 dicendum,
804 1427 900 1473 quod
921 1427 1137 1461 Sacerdotes
1156 1438 1219 1473 per
1234 1427 1508 1461 successionem
1526 1426 1676 1473 originis
1695 1428 1806 1461 sacris

227 1479 508 1522 debutabantur3
530 1488 564 1515 et
582 1481 653 1515 hoc
676 1481 772 1523 ideo,
794 1489 833 1515 ut
853 1481 889 1515 in
909 1481 1040 1526 majori
1054 1481 1255 1515 reverentia
1270 1480 1501 1523 haberentur,
1517 1481 1547 1515 si
1560 1492 1635 1515 non
1657 1480 1807 1527 quilibet

225 1545 268 1567 ex
290 1534 427 1580 populo
450 1542 572 1580 posset
594 1535 764 1569 sacerdos
784 1534 871 1577 fieri,
893 1546 1049 1580 quorum
1067 1534 1189 1568 honor
1211 1534 1362 1568 cedebat
1378 1534 1414 1568 in
1430 1534 1672 1569 reverentiam
1694 1534 1807 1568 divini

225 1587 361 1630 cultus,
386 1596 418 1622 et
441 1588 523 1622 ideo
547 1588 718 1635 oportuit,
742 1596 780 1622 ut
802 1588 851 1622 eis
874 1588 1046 1633 specialia
1068 1588 1249 1634 quaedam
1272 1588 1528 1634 deputarentur
1556 1596 1633 1622 tarn
1654 1588 1691 1622 in
1714 1588 1806 1622 deci-

226 1641 306 1683 mis,
330 1653 439 1687 quam
462 1642 497 1675 in
520 1642 699 1688 primitiis,
731 1653 841 1687 quam
864 1642 975 1676 etiam
997 1642 1033 1675 in
1056 1641 1313 1684 oblationibus,
1336 1649 1371 1676 et
1393 1641 1591 1684 sacrificiis,
1614 1653 1657 1676 ex
1678 1642 1806 1688 quibus

223 1695 403 1730 viverent:
421 1696 481 1730 sed
498 1696 696 1742 Principes,
719 1696 811 1730 sicut
833 1696 971 1730 dictum
991 1703 1043 1730 est
1065 1696 1117 1741 (in
1137 1702 1228 1742 corp.
1249 1697 1345 1741 art),
1365 1695 1642 1730 assumebantur
1663 1707 1706 1730 ex
1723 1703 1802 1730 toto

224 1748 384 1795 populo;
408 1757 442 1783 et
467 1750 550 1784 ideo
572 1750 755 1783 habebant
777 1758 891 1783 certas
914 1750 1164 1796 possessiones
1187 1750 1362 1796 proprias,
1386 1761 1428 1783 ex
1451 1750 1579 1796 quibus
1600 1749 1723 1784 vivere
1744 1761 1806 1796 po-

224 1811 356 1837 terant:
382 1811 415 1837 et
437 1803 631 1850 praecipue
659 1815 742 1837 cum
768 1803 952 1837 Dominus
980 1803 1188 1849 prohiberet
1215 1803 1325 1838 etiam
1346 1804 1382 1837 in
1404 1802 1497 1850 lege,
1519 1815 1564 1838 ne
1587 1804 1806 1850 superabun-

224 1857 351 1891 darent
377 1857 520 1899 divitiis,
548 1865 608 1891 aut
635 1857 832 1902 magnifico
862 1865 1050 1904 apparatu:
1079 1865 1157 1891 tum
1184 1857 1267 1903 quia
1295 1868 1370 1891 non
1402 1865 1478 1892 erat
1502 1856 1622 1899 facile,
1650 1857 1735 1903 quin
1763 1869 1806 1891 ex

222 1911 279 1944 his
306 1911 341 1944 in
368 1911 588 1957 superbiam,
616 1919 650 1945 et
676 1911 906 1957 tyrannidem
935 1911 1176 1957 erigerentur:
1204 1919 1282 1945 tum
1310 1910 1420 1945 etiam
1447 1910 1543 1957 quia,
1570 1911 1599 1945 si
1625 1911 1805 1957 principes

223 1975 298 1998 non
315 1973 416 1998 erant
431 1964 587 1998 multum
603 1965 741 2007 divites,
757 1973 791 1999 et
810 1972 885 1998 erat
900 1964 1103 1999 laboriosus
1119 1965 1353 2011 principatus,
1372 1972 1406 1999 et
1420 1964 1650 1999 solicitudine
1664 1964 1804 2011 plenus,

223 2029 298 2052 non
321 2017 477 2052 multum
506 2018 741 2052 affectabatur
763 2030 783 2052 a
810 2018 1061 2065 popularibus:
1086 2026 1120 2052 et
1142 2018 1192 2052 sic
1215 2018 1410 2052 tollebatur
1432 2018 1619 2052 seditionis
1641 2018 1804 2052 materia.

295 2071 355 2105 AD
379 2082 559 2110 QUINTUM
582 2072 789 2114 dicendum,
813 2072 909 2118 quod
932 2071 1020 2106 illud
1042 2073 1096 2118 jus
1114 2083 1190 2106 non
1209 2072 1406 2106 debebatur
1423 2072 1501 2118 regi
1520 2082 1562 2106 ex
1579 2072 1803 2106 institutione

224 2127 357 2169 divina,
380 2127 441 2161 sed
464 2128 581 2173 magis
603 2127 923 2173 praenuntiabatur
941 2128 1126 2173 usurpatio
1146 2138 1286 2173 regum,
1306 2126 1367 2173 qui
1381 2126 1447 2160 sibi
1465 2127 1520 2172 jus
1537 2125 1703 2172 iniquum
1721 2137 1806 2160 con-

224 2182 374 2215 stituunt
396 2181 431 2215 in
454 2181 685 2228 tyrannidem
707 2182 981 2227 degenerantes,
1004 2188 1039 2215 et
1060 2181 1222 2215 subditos
1243 2180 1523 2227 depraedantes;
1551 2187 1585 2214 et
1610 2180 1682 2214 hoc
1705 2187 1803 2226 patet

223 2246 286 2282 per
307 2235 379 2270 hoc
403 2235 499 2281 quod
522 2235 558 2269 in
581 2235 650 2269 sine
674 2235 808 2270 subdit:
839 2236 962 2281 Vosque
984 2236 1076 2270 eritis
1096 2236 1125 2270 ei
1144 2236 1252 2269 servi:
1281 2234 1379 2280 quod
1406 2233 1550 2280 proprie
1577 2233 1732 2280 pertinet
1757 2233 1802 2267 ad

223 2289 466 2335 tyrannidem,
496 2290 580 2335 quia
607 2289 749 2335 tyranni
777 2289 850 2323 suis
881 2288 1031 2323 subditis
1059 2288 1317 2334 principantur,
1340 2296 1378 2322 ut
1399 2287 1522 2329 servis,
1545 2287 1640 2321 unde
1661 2287 1733 2321 hoc
1755 2287 1803 2321 di-

225 2342 328 2376 cebat
351 2342 501 2377 Samuel
523 2342 566 2376 ad
588 2342 798 2377 terrendum
828 2354 902 2384 θος,
930 2354 975 2376 ne
1003 2353 1128 2387 regem
1150 2349 1334 2388 peterent;
1357 2341 1518 2387 sequitur
1540 2341 1661 2376 enim:
1684 2341 1804 2376 Noluit

224 2401 331 2430 initiam
360 2397 476 2431 andire
496 2397 638 2443 populns
664 2408 778 2431 vocem
806 2397 968 2431 Samuelis
979 2409 989 2431 .·
1017 2404 1136 2442 potest
1162 2404 1283 2430 tamen
1312 2396 1535 2441 contingere,
1562 2395 1659 2441 quod
1685 2395 1802 2429 bonus

224 2462 285 2484 rex
315 2450 448 2497 absque
474 2450 665 2497 tyrannide
695 2450 789 2484 filios
820 2450 935 2491 tollat,
966 2457 1000 2484 et
1028 2451 1223 2484 constituat
1249 2449 1423 2491 tribunos,
1446 2457 1481 2484 et
1503 2448 1745 2491 centuriones,
1767 2456 1802 2483 et

225 2502 339 2538 multa
362 2505 517 2551 accipiat
539 2515 558 2538 a
580 2503 729 2538 subditis
757 2504 829 2537 suis
851 2511 998 2550 propter
1020 2515 1217 2537 commune
1239 2503 1376 2537 bonurn
1400 2502 1681 2549 procurandum.

797 2622 1148 2666 ARTICULUS
1185 2623 1240 2665 II.
1732 2631 1793 2678 561

241 2731 393 2761 UTRUM
429 2732 770 2762 CONVENIENTER
807 2731 992 2760 FUEluN'r
1022 2731 1218 2760 TRADITA
1252 2730 1505 2760 PRAECEPTA
1531 2729 1782 2772 JUDICIALIA

550 2797 767 2832 QUANTUM
797 2796 854 2825 AD
892 2796 1173 2826 l’OPULARIUM
1209 2796 1486 2826 CONVICTUM.

298 2886 357 2920 An
380 2896 587 2920 SECUNDUM
611 2886 660 2919 sic
678 2885 895 2931 proceditur.
912 2884 1073 2926 Videtur,
1089 2885 1185 2930 quod
1206 2884 1503 2919 inconvenienter
1520 2883 1652 2918 fuerint
1669 2883 1798 2918 tradita

226 2948 418 2986 praecepta
440 2939 623 2985 judicialia
649 2947 825 2985 quantum
852 2939 894 2973 ad
923 2938 1153 2985 popularium
1177 2938 1405 2973 convictum:
1429 2949 1503 2972 non
1527 2938 1624 2972 enim
1647 2943 1798 2984 possunt
