1907 3198
82 238 238 286 petitum
259 237 482 273 sensitivum.
497 236 737 272 Voluntatem
760 246 894 280 autem,
917 246 955 272 ut
975 249 1084 284 supra
1114 238 1251 272 dictum
1281 246 1335 273 est
1356 238 1402 285 (q.
1426 250 1458 285 9.
1480 244 1546 274 art.
1573 240 1606 275 6.
1628 244 1656 275 el

83 303 114 339 q.
135 303 187 328 10.
209 296 274 327 art.
295 292 361 337 4.)‚
382 291 533 326 interius
555 302 705 326 movere
719 302 793 326 non
808 300 928 338 potest
941 292 1010 326 nisi
1023 292 1134 334 Deus,
1150 292 1210 338 qui
1231 303 1306 326 non
1321 300 1441 339 potest
1454 304 1531 327 esse
1546 304 1656 328 causa

82 345 237 393 peccati,
258 353 297 380 ut
317 344 408 380 infra
431 345 642 380 ostendetur
665 345 710 391 (q.
734 357 788 392 79.
811 351 876 381 art.
899 347 967 391 1.);
989 345 1083 380 unde
1098 345 1323 392 relinquitur,
1344 346 1441 393 quod
1456 346 1547 381 nihil
1565 355 1657 382 exte-

82 400 154 435 rius
169 407 290 448 potest
303 410 381 435 esse
395 411 504 434 causa
519 399 676 446 peccati3
691 400 760 434 nisi
775 399 832 434 vel
846 400 1060 446 inquantum
1076 408 1201 434 movet
1216 400 1407 443 rationem,
1421 400 1513 435 sicut
1527 401 1656 444 homo,

83 453 143 488 vel
164 454 322 488 daemon
344 453 565 501 persuadens
593 462 805 500 peccatum3
827 453 885 488 vel
906 455 999 488 sicut
1019 465 1173 488 movens
1203 454 1402 501 appetitum
1431 455 1656 497 sensitivurn,

82 507 177 543 sicut
196 506 317 555 aliqua
332 507 516 543 sensibilia
535 507 713 542 exteriora
729 516 879 542 movent
894 508 1093 554 appetitum
1108 508 1338 542 sensitivam:
1359 508 1421 542 sed
1443 519 1560 555 neque
1580 520 1657 555 per—

81 561 204 597 suasio
226 561 383 596 exterior
397 561 433 596 in
449 561 554 596 rebus
577 561 726 608 agendis
748 572 790 595 ex
805 562 1020 596 necessitate
1043 570 1167 596 movet
1185 563 1384 605 rationem3
1405 573 1522 609 neque
1544 563 1655 598 etiam

81 625 138 651 res
159 615 314 650 exterius
335 615 544 662 propositae
559 626 602 649 ex
616 615 831 650 necessitate
854 623 1004 650 movent
1027 615 1226 662 appetitum
1241 615 1466 658 sensitivum,
1480 616 1549 651 nisi
1562 616 1655 652 forte

81 668 204 717 aliquo
226 669 339 704 modo
361 669 595 716 dispositum:
619 677 654 704 et
674 677 797 704 tamen
821 669 930 704 etiarn
954 669 1132 716 appetitus
1154 669 1355 713 sensitivus‚
1377 681 1452 704 non
1475 681 1516 704 ex
1534 681 1656 706 neces-

80 723 185 759 sitate
206 731 333 758 movet
353 723 545 766 rationem,
561 731 596 758 et
609 722 856 766 voluntatem3
880 724 974 758 unde
991 723 1124 770 aliquid
1140 723 1295 758 exterius
1308 731 1428 770 potest
1441 735 1519 759 esse
1534 724 1655 771 aliqua

81 788 189 812 causa
211 788 365 813 movens
379 777 423 812 ad
437 777 678 824 peccandum,
693 789 766 812 non
782 786 906 812 tamen
922 777 1143 812 sufficienter
1158 777 1201 812 ad
1217 778 1443 824 peccandum
1458 778 1652 814 inducens:

79 830 143 866 sed
165 842 274 867 causa
294 830 516 866 sufficienter
537 830 726 878 complens
749 840 942 878 peccatum
965 840 1019 867 est
1040 831 1118 866 sola
1140 831 1320 867 voluntas.

149 885 211 920 AD
236 895 388 921 PRIMUM
414 896 502 932 ergo
525 885 734 928 dicendum,
757 886 854 932 quod
877 896 919 920 ex
940 886 1012 921 hoc
1034 885 1115 932 ipso
1138 886 1236 932 quod
1263 886 1442 921 exteriora
1467 887 1655 922 moventia

79 939 124 974 ad
145 939 375 986 peccandum
393 951 469 974 non
491 938 722 983 sufficienter,
745 947 781 974 et
799 951 841 974 ex
860 939 1075 975 necessitate
1097 939 1287 983 inducunt,
1305 939 1466 987 sequitur
1488 941 1586 987 quod
1604 954 1654 976 re-

78 1001 227 1028 maneat
246 993 283 1028 in
302 993 409 1028 nobis
422 1000 562 1041 peccare
581 1002 617 1028 et
637 1005 712 1028 non
729 1000 880 1041 peccare.

149 1047 211 1082 AD
232 1057 442 1083 SECUNDUM
456 1047 665 1090 dicendum,
687 1047 786 1094 quod
807 1059 870 1094 per
891 1047 963 1082 hoc
987 1048 1085 1094 quod
1107 1048 1254 1095 ponitur
1274 1048 1425 1084 interior
1447 1060 1556 1085 causa
1574 1061 1656 1097 pec·

78 1100 160 1144 cati,
179 1112 257 1136 non
278 1101 480 1136 excluditur
500 1102 675 1137 exterior:
698 1113 774 1136 non
796 1101 894 1136 enim
915 1102 951 1136 id
973 1102 1071 1149 quod
1093 1111 1146 1137 est
1168 1103 1335 1146 exterius,
1357 1111 1410 1139 est
1437 1115 1547 1139 causa
1573 1116 1655 1152 pec-

78 1154 161 1198 cati,
178 1154 248 1190 nisi
269 1155 452 1190 mediante
475 1167 585 1191 causa
606 1155 781 1198 interiori,
804 1164 842 1190 ut
863 1155 1002 1190 dictum
1024 1164 1078 1191 est
1098 1157 1151 1202 (in
1173 1163 1263 1204 corp.
1287 1159 1383 1204 art).

147 1208 209 1244 AD
240 1219 411 1245 TERT1UM
438 1209 645 1253 dicendum,
671 1209 769 1256 quod
796 1209 1045 1256 multiplicatis
1072 1211 1307 1246 exterioribus
1335 1213 1452 1246 causis
1479 1212 1655 1248 inclinan-

76 1261 171 1298 tibus
192 1262 237 1297 ad
255 1262 495 1310 peccandum,
514 1262 799 1310 multiplicantur
817 1271 919 1298 actus
939 1264 1097 1310 peccati:
1117 1265 1202 1311 quia
1223 1265 1343 1312 plures
1365 1277 1407 1301 ex
1428 1265 1499 1301 illis
1522 1268 1651 1310 causis,

77 1323 113 1351 et
132 1315 265 1364 pluries
285 1316 463 1351 inclinant
483 1317 527 1351 ad
549 1324 650 1352 actus
672 1317 813 1364 peccati
825 1319 838 1352 :⁸
854 1317 918 1352 sed
939 1325 1063 1352 tamen
1086 1319 1260 1354 minuitur
1281 1320 1373 1355 ratio
1396 1319 1536 1366 culpae,
1559 1333 1651 1368 quae

78 1370 244 1406 consistit
262 1370 300 1405 in
321 1370 406 1414 hoc,
427 1370 525 1418 quod
547 1370 681 1418 aliquid
703 1372 748 1406 sit
767 1370 1015 1406 voluntarium
1038 1379 1073 1406 et
1092 1372 1130 1406 in
1151 1372 1267 1408 nobis.

0 121 19 731 ἱ
488 153 711 190 QUAESTIO
746 154 878 185 LXXV.
911 154 1158 185 ARTICULUS
1191 154 1253 184 111.
1568 156 1652 200 547

0 748 15 773 d

648 1514 996 1560 ARTICULUS
1030 1515 1106 1559 IV.
1581 1540 1651 1574 410

391 1623 546 1655 UTRUM
579 1624 819 1655 PECCATUM
852 1624 920 1654 sm·
955 1625 1097 1655 CAUSA
1127 1625 1331 1656 PECCATI.

138 1711 241 1759 (Infr.
262 1724 293 1759 q.
314 1713 371 1758 84.
391 1717 472 1748 et2.
494 1714 581 1748 Dist
601 1714 654 1761 36.
675 1719 740 1749 art.
762 1727 789 1750 1.
808 1720 839 1749 et
859 1715 945 1749 Dist.
968 1726 1023 1760 42.
1047 1727 1077 1761 q.
1124 1720 1220 1750 .aJt.
1241 1728 1268 1750 I.
1292 1727 1323 1750 2.
1343 1728 1370 1762 3.
1393 1721 1468 1763 et5.
1490 1722 1582 1764 corp.

421 1772 451 1802 et
471 1768 555 1802 Mal.
578 1779 608 1815 q.
627 1769 658 1804 8
673 1773 744 1807 art.
769 1781 794 1804 ι.
817 1775 908 1816 corp.
931 1774 959 1804 et
981 1770 1076 1805 Rom.
1098 1781 1125 1805 Ι.
1100 1727 1217 1804 2lect.
1241 1769 1301 1816 7).

144 1858 206 1894 AD
225 1869 415 1899 QUARTUM
435 1859 487 1895 sic
509 1860 727 1907 proceditur.
750 1859 913 1903 Videtur,
942 1860 1040 1907 quod
1062 1869 1255 1907 peccatum
1275 1872 1350 1895 non
1373 1861 1418 1896 sit
1439 1873 1548 1896 causa
1571 1873 1650 1908 pec-

73 1912 160 1949 cati:
182 1921 266 1948 sunt
287 1913 386 1948 enim
399 1919 544 1960 quatuor
558 1926 691 1960 genera
714 1926 918 1956 causarum,
934 1926 1091 1961 quorum
1113 1914 1255 1948 nullum
1279 1923 1397 1961 potest
1416 1915 1460 1949 ad
1479 1915 1551 1950 hoc
1567 1927 1652 1951 con-

72 1977 214 2014 gruere,
240 1967 337 2014 quod
364 1975 556 2015 peccatum
583 1969 628 2003 sit
654 1979 763 2003 causa
790 1969 944 2015 peccati:
964 1969 1046 2015 finis
1071 1969 1170 2003 enim
1198 1969 1308 2003 habet
1335 1969 1516 2004 rationem
1542 1970 1650 2013 boni;

71 2021 169 2069 quod
190 2033 265 2058 non
288 2023 465 2070 competit
490 2032 654 2070 peccato,
682 2023 779 2070 quod
807 2023 850 2058 de
877 2035 941 2058 sua
968 2023 1108 2058 ratione
1131 2031 1184 2058 est
1207 2023 1364 2058 malum:
1389 2032 1423 2058 ct
1447 2024 1576 2058 eadem
1599 2036 1651 2059 ra-

69 2075 170 2111 tione
190 2087 258 2111 nec
273 2085 466 2123 peccatum
480 2086 599 2124 potest
617 2089 694 2112 esse
718 2089 826 2112 causa
847 2078 1003 2124 efficiens;
1027 2077 1111 2123 quia
1135 2077 1260 2111 malum
1276 2089 1340 2112 non
1356 2083 1398 2112 ast
1416 2090 1516 2113 causa
1538 2090 1647 2124 agens.

70 2130 124 2166 sed
143 2135 187 2166 est
207 2132 392 2178 infirmum,
415 2137 444 2168 et
468 2134 640 2180 impolms‚
668 2140 706 2166 ut
732 2133 884 2178 Dionys.
908 2132 995 2166 dicit
1020 2142 1052 2175 4.
1077 2144 1154 2178 cap.
1183 2132 1226 2166 de
1249 2132 1331 2167 Div.
1354 2132 1465 2166 Nom.
1490 2132 1592 2179 (part.
1614 2145 1647 2178 4.

71 2183 142 2220 lect.
160 2186 244 2229 22.).·
267 2196 375 2220 causa
397 2194 518 2221 autem
537 2187 731 2228 materialis,
750 2194 784 2220 et
794 2186 955 2232 formulis
973 2186 1139 2220 videntur
1160 2186 1294 2221 habere
1318 2185 1439 2221 solum
1461 2186 1588 2221 locum
1611 2187 1647 2221 in

70 2238 294 2274 naturalibus
317 2240 541 2286 corporibus,
562 2252 655 2287 quae
674 2248 757 2275 sunt
778 2240 984 2287 composita
1004 2252 1046 2274 ex
1065 2240 1228 2282 materia,
1248 2249 1282 2274 et
1300 2239 1439 2283 forma3
1462 2252 1550 2287 ergo
1569 2253 1648 2288 pec-

72 2298 195 2327 catum
216 2302 291 2327 non
312 2300 430 2339 potest
450 2293 584 2329 habere
608 2305 757 2328 causam
779 2292 1019 2336 materialem,
1041 2302 1076 2328 et
1096 2293 1302 2328 formalem.

143 2355 176 2380 2.
197 2345 435 2382 PRAETEREA.
458 2348 566 2394 Agere
590 2349 653 2382 sibi
677 2347 783 2382 simile
809 2352 851 2381 est
879 2348 925 2382 rei
947 2347 1122 2394 perfectae,
1151 2355 1189 2382 ut
1215 2347 1346 2382 dicitur
1371 2348 1407 2382 in
1434 2359 1467 2391 4.
1495 2348 1645 2383 Meteor.

66 2396 172 2446 (forte
195 2411 236 2434 ex
261 2406 335 2448 cap.
361 2411 393 2435 2.
419 2400 472 2436 sed
495 2407 618 2448 expres.
641 2401 696 2435 lib.
725 2413 755 2436 2.
783 2400 819 2436 dc
841 2402 969 2436 Anima
1005 2406 1066 2436 tax.
1085 2403 1178 2448 54.):
1207 2402 1268 2436 sed
1303 2410 1494 2448 peccatum
1521 2403 1565 2437 de
1593 2403 1647 2437 sui

88 2452 209 2488 atione
230 2460 284 2489 est
303 2453 578 2501 imperfectum;
601 2466 689 2501 ergo
713 2463 904 2501 peccatum
926 2466 1000 2489 non
1024 2464 1142 2502 potest
1164 2467 1242 2490 esse
1265 2467 1375 2490 causa
1397 2457 1548 2503 peccati.

144 2518 174 2554 3.
195 2507 433 2544 PRAETEREA.
456 2508 495 2543 Si
516 2509 623 2554 hujus
645 2508 784 2555 peccati
806 2509 851 2543 sit
873 2519 981 2543 causa
1001 2509 1097 2543 aliud
1120 2518 1326 2556 peccatum,
1349 2510 1476 2545 eadern
1505 2510 1646 2545 ratione

125 2559 221 2596 illius
243 2561 309 2596 erit
335 2573 444 2597 causa
470 2561 617 2609 aliquod
645 2562 741 2596 aliud
769 2571 972 2608 peccatum,
1000 2571 1035 2598 et
1062 2563 1111 2598 sic
1141 2564 1358 2610 procedetur
1384 2565 1419 2598 in
1445 2564 1644 2598 infinitum:

34 2629 36 2634 ·
94 2614 167 2650 uod
189 2622 243 2650 est
262 2615 544 2659 inconveniens;
566 2627 640 2650 non
663 2627 750 2661 ergo
773 2625 962 2662 peccatum
987 2625 1041 2652 est
1063 2629 1173 2651 causa
1195 2618 1345 2664 peccati.

143 2667 219 2704 SED
240 2679 397 2705 CONTRA
419 2679 483 2713 est,
505 2670 601 2717 quod
625 2670 826 2715 Gregorius
847 2670 934 2704 dicit
955 2682 1061 2718 super
1085 2671 1215 2706 Ezech.
1240 2671 1344 2716 (hom.
1367 2684 1412 2707 11.
1430 2677 1502 2718 post
1530 2672 1644 2717 mad),

139 2730 274 2766 catum,
295 2723 393 2770 quod
415 2735 478 2771 per
498 2723 760 2771 poenitentiam
783 2723 886 2758 citius
908 2736 981 2759 non
1003 2724 1153 2767 deletur,
1176 2734 1366 2772 peccatum
1395 2734 1458 2767 cst,
1481 2734 1515 2760 et
1537 2737 1645 2760 causa

97 2784 222 2812 eccam.

143 2828 373 2867 RESPONDEO
388 2831 594 2874 dicendum,
609 2832 706 2878 quod
726 2843 809 2866 cum
829 2841 1019 2878 peccatum
1035 2833 1167 2868 habeat
1185 2845 1332 2868 causam
1353 2845 1394 2868 ex
1417 2842 1516 2880 parte
1531 2842 1644 2877 actus,

98 2924 104 2930 ,
125 2894 144 2919 c
162 2885 276 2921 modo
298 2897 411 2921 unum
426 2894 619 2933 peccatum
639 2894 759 2933 posset
773 2897 850 2922 esse
869 2898 979 2922 causa
1000 2886 1157 2931 alterius,
1175 2887 1267 2922 sicut
1289 2899 1380 2923 unus
1401 2897 1501 2923 actus
1519 2888 1645 2923 huma-
