1875 3198
236 170 321 223 636
601 184 820 219 QUAESTIO
854 186 1061 217 Lxxxvm.
1096 188 1340 219 ARTICULUS
1373 191 1430 220 vi.

233 260 416 296 defectum
446 262 557 297 divini
587 266 733 307 amoris,
756 266 971 312 inquantum
1000 268 1152 315 negligit
1180 270 1295 305 homo
1327 270 1512 306 addiscere
1542 284 1595 316 ea,
1617 285 1681 320 per
1707 286 1798 321 quae

234 323 352 360 potest
373 327 410 349 se
434 317 468 350 in
492 317 614 351 divino
639 330 763 353 amore
787 331 1014 355 conservare.

304 368 364 403 AD
381 379 552 404 TERTIUM
568 371 774 414 dicendum,
792 374 900 419 quod,
924 374 1016 408 sicut
1030 375 1254 421 Augustinus
1277 377 1363 412 dicit
1383 378 1419 412 in
1441 378 1532 413 libro
1556 388 1681 415 contra
1702 392 1800 415 men-

233 421 379 455 dacium
402 423 490 469 (cap.
515 435 544 470 7.
567 430 642 459 anta
663 426 778 471 med),
809 438 849 460 ea
872 439 963 472 quae
986 437 1068 462 sunt
1090 431 1291 464 secundum
1312 442 1351 465 se
1374 431 1482 474 mala,
1496 432 1597 467 nullo
1620 433 1690 468 fine
1707 434 1799 468 bene

231 474 307 508 fieri
329 486 499 521 possunt:
522 478 763 513 homicidium
792 488 914 514 autem
937 489 989 515 est
1007 483 1143 516 occisio
1164 483 1386 527 innocentis;
1410 493 1442 520 et
1463 486 1536 520 hoc
1558 487 1659 521 nullo
1686 489 1799 522 modo

231 527 323 562 bene
338 529 415 563 fieri
429 539 563 576 potest:
587 532 649 565 sed
667 532 785 577 judex,
801 533 862 579 qui
876 534 1008 569 occidit
1023 535 1216 579 latronem,
1230 537 1288 571 vel
1302 538 1419 580 miles,
1433 539 1495 584 qui
1508 540 1641 574 occidit
1654 540 1799 575 hostem

231 581 461 627 reipublicae,
488 590 562 618 n'on
590 585 815 631 appellantur
840 587 1060 632 homicidae,
1083 597 1121 623 ut
1142 590 1367 636 Augustinus
1383 592 1469 627 dicit
1482 593 1518 626 in
1534 593 1593 628 lib.
1613 604 1641 628 1.
1657 594 1699 629 de
1721 594 1798 628 Lib.

232 634 346 670 Arbit.
370 637 460 683 (cap.
487 649 520 682 4.
548 643 575 672 et
597 640 655 684 5.).

666 914 1023 975 QUAESTIO
1070 919 1360 968 LXXXIX.

230 1033 294 1063 DE
320 1034 532 1066 PECCATO
559 1035 757 1069 VENIALI
778 1038 1040 1071 SECUNDUM
1063 1041 1130 1081 SE,
1155 1042 1207 1073 IN
1227 1042 1314 1074 SEX
1335 1043 1598 1077 ARTICULOS
1619 1046 1795 1078 DIVISA.

302 1175 443 1211 Deinde
466 1178 773 1214 considerandum
796 1189 850 1216 est
876 1182 919 1216 de
942 1191 1094 1229 peccato
1116 1184 1250 1219 veniali
1271 1185 1474 1221 secundum
1495 1199 1545 1222 se.

736 1270 781 1305 Et
802 1272 891 1306 circa
911 1272 970 1307 hoc
992 1279 1198 1318 quaeruntur
1223 1287 1290 1312 sex.

299 1336 436 1371 Primo.
460 1338 593 1373 Utrum
615 1350 808 1386 peccatum
829 1343 970 1378 veniale
995 1353 1119 1379 causet
1140 1346 1324 1381 maculam
1345 1347 1381 1381 in
1403 1348 1537 1384 anima.

300 1390 482 1426 Secundo.
511 1393 567 1427 De
603 1394 834 1430 distinctione
868 1398 1009 1443 peccati
1046 1399 1209 1442 venialis,
1239 1409 1347 1446 prout
1373 1401 1548 1448 figuratur
1573 1415 1637 1450 per
1657 1404 1798 1450 lignum,

220 1443 373 1489 foenum,
396 1453 430 1479 et
450 1447 618 1492 stipulam,
647 1459 674 1482 1.
701 1448 788 1483 Cor.
816 1461 843 1495 3.

301 1496 438 1532 Tertio.
462 1499 594 1534 Utrum
616 1501 731 1536 homo
753 1503 789 1536 in
812 1512 905 1538 statu
927 1504 1158 1540 innocentiae
1180 1509 1338 1553 potuerit
1358 1520 1510 1555 peccare
1531 1511 1731 1546 venialiter.

301 1550 453 1591 Quarto.
477 1553 610 1588 Utrum
633 1556 782 1601 angelus
805 1557 932 1600 bonus,
954 1558 1012 1592 vel
1034 1560 1152 1594 malus
1174 1562 1288 1606 possit
1309 1573 1461 1608 peccare
1486 1565 1686 1600 venialiter.

301 1604 452 1645 Quinto.
476 1606 609 1641 Utrum
630 1609 737 1654 primi
760 1618 880 1645 motus
902 1611 1102 1647 infidelium
1125 1615 1195 1648 sint
1216 1624 1366 1661 peccata
1392 1616 1559 1652 venialia.

300 1657 421 1693 Sexto.
445 1659 577 1694 Utrum
599 1662 740 1697 veniale
762 1665 876 1709 possit
898 1676 975 1700 esse
997 1666 1032 1700 in
1056 1667 1178 1714 aliquo
1201 1668 1310 1703 simul
1333 1681 1415 1704 cum
1442 1670 1523 1706 solo
1550 1680 1702 1718 peccato
1731 1673 1799 1707 ori-

228 1710 350 1757 ginali.

804 1842 1151 1888 ARTicutus
1188 1846 1220 1889 Ι.
1725 1873 1795 1910 474

345 1943 499 1974 UTRUM
525 1947 763 1978 PECCATUM
790 1950 976 1981 VENIALE
1006 1953 1174 1984 CAUSET
1201 1955 1417 1986 MACULAM
1452 1957 1498 1988 IN
1524 1958 1676 1989 ANIMA.

274 2036 388 2081 (Part.
407 2049 435 2084 3.
463 2051 492 2085 q.
520 2040 574 2086 87.
597 2046 662 2076 art.
685 2053 715 2076 2.
739 2043 782 2077 ad
798 2055 826 2089 3.
846 2049 875 2079 ct
892 2056 925 2089 4.
952 2046 1042 2081 Dist.
1065 2047 1116 2082 16.
1145 2060 1174 2093 q.
1197 2060 1228 2083 2.
1251 2054 1314 2083 art.
1333 2062 1360 2085 I.
1383 2050 1426 2084 ad
1442 2062 1470 2097 3.
1498 2057 1528 2086 et
1548 2063 1578 2098 q.
1605 2065 1632 2087 I.
1655 2052 1697 2087 ad
1722 2065 1749 2088 1.

575 2100 605 2130 et
626 2096 710 2131 Mal.
735 2110 764 2143 q.
788 2108 818 2144 7.
841 2104 906 2134 art.
929 2111 959 2134 2.
983 2107 1072 2147 corp.
1092 2107 1120 2136 et
1139 2103 1190 2137 Ps.
1210 2114 1261 2149 34.
1284 2115 1368 2138 com.
1389 2104 1452 2150 2.).

297 2186 357 2220 AD
379 2197 529 2223 PRIMUM
550 2189 600 2223 sic
628 2192 844 2236 proceditur.
868 2193 1031 2238 Videtur,
1062 2197 1158 2242 quod
1186 2207 1375 2244 peccatum
1403 2199 1546 2235 veniale
1574 2209 1699 2236 causet
1725 2213 1798 2236 ma-

226 2239 347 2274 culam
370 2241 405 2274 in
428 2243 566 2277 anima:
591 2245 676 2279 dicit
699 2247 795 2280 enim
816 2248 970 2293 August.
991 2250 1025 2283 in
1049 2250 1108 2284 lib.
1130 2251 1173 2285 de
1199 2252 1340 2287 Poenit.
1369 2254 1427 2299 (ss.
1455 2255 1542 2289 hom.
1561 2256 1617 2290 ull.
1645 2257 1796 2303 interm.

225 2300 298 2340 cap.
322 2306 353 2329 2.
376 2296 435 2329 cir.
450 2297 544 2341 fin),
568 2299 664 2343 quod
687 2310 836 2345 peccata
858 2303 1025 2346 venialia,
1053 2305 1083 2338 si
1109 2305 1405 2352 multiplicentur,
1433 2308 1605 2343 decorem
1632 2317 1796 2344 nostrum

224 2347 273 2381 ita
297 2349 548 2392 exterminant,
564 2359 602 2385 ut
617 2363 635 2385 a
651 2353 818 2388 coelestis
831 2357 951 2401 sponsi
969 2358 1194 2404 amplexibus
1215 2371 1283 2395 nos
1302 2370 1490 2408 separent:
1510 2363 1572 2398 sed
1594 2363 1686 2398 nihil
1701 2363 1796 2398 aliud

226 2409 279 2435 est
301 2402 457 2445 macula,
480 2415 590 2449 quam
612 2405 869 2442 detrimentum
893 2409 1055 2454 decoris;
1078 2423 1164 2458 ergo
1192 2423 1342 2460 peccata
1367 2416 1522 2450 venialia
1550 2426 1700 2452 causant
1725 2429 1798 2452 ma·

226 2454 346 2488 culam
370 2455 405 2489 in
429 2457 559 2492 anima.

299 2519 329 2542 2.
352 2509 588 2546 PRAETEREA.
612 2513 809 2548 Peccatum
833 2517 987 2552 mortale
1004 2528 1129 2554 causat
1144 2520 1327 2555 maculam
1343 2522 1377 2556 in
1394 2523 1514 2558 anima
1529 2533 1675 2571 propter
1700 2525 1796 2560 inor-

226 2561 451 2596 dinationem
474 2573 585 2607 actus,
602 2574 635 2600 ct
651 2566 799 2602 affectus
814 2569 924 2614 ipsius
940 2573 1144 2616 peccantis:
1168 2575 1229 2608 sed
1249 2575 1283 2608 in
1300 2585 1452 2621 peccato
1466 2577 1599 2612 veniali
1618 2587 1671 2613 est
1693 2589 1797 2625 quae-

225 2615 309 2649 dam
332 2616 560 2653 deordinatio
591 2628 691 2654 actus
722 2630 756 2656 et
784 2622 951 2665 affecti153
975 2636 1062 2671 crgo
1085 2636 1276 2671 peccatum
1298 2630 1441 2666 veniale
1465 2640 1590 2666 causat
1612 2631 1794 2666 maculam

225 2680 260 2702 m
284 2680 416 2703 amma.

301 2733 328 2767 3.
352 2723 588 2760 Pinxffliznssix.
622 2727 765 2762 Macula
794 2730 936 2765 animae
964 2741 1131 2767 causatur
1158 2746 1199 2769 ex
1227 2744 1397 2771 contactu
1425 2738 1475 2772 rei
1503 2739 1712 2785 temporalis
1734 2750 1795 2785 per

227 2786 404 2818 amorem,
428 2787 464 2812 ut
487 2790 591 2825 supra
615 2781 751 2815 dictum
775 2790 827 2816 cst
849 2786 895 2828 (q.
919 2786 974 2819 ⁸6.
998 2791 1061 2820 art.
1090 2789 1156 2831 1.).·
1184 2790 1244 2823 scd
1273 2790 1308 2823 in
1336 2800 1487 2837 peccato
1516 2792 1648 2826 veniali
1674 2794 1793 2827 anima

224 2829 431 2864 inordinato
455 2843 579 2867 amore
603 2835 781 2880 contingit
799 2848 874 2870 rem
894 2840 1155 2884 temporaneum
1178 2853 1265 2888 crgo
1288 2853 1478 2890 peccatum
1497 2846 1638 2881 veniale
1660 2846 1795 2881 inducit

226 2883 408 2918 maculam
432 2885 465 2919 iu
495 2887 626 2921 anima.
